2638 3818
205 300 248 369 28
387 297 416 353 e.
434 296 605 354 insnum
623 290 931 354 cANTUARIEtlsis

205 467 234 522 in
266 467 387 538 quodam
412 465 571 522 rationabili
598 473 626 520 et
654 465 777 536 perfeeto
803 481 918 520 numero
943 463 1111 534 praeseitam

206 567 267 608 esse
284 569 302 606 e
317 552 392 622 Deo,
411 553 451 606 ita
469 558 500 606 ut
515 568 567 606 nec
584 551 713 606 maiorem
731 569 782 607 nec
802 553 935 606 minorem
952 550 1031 603 illum
1048 563 1111 603 esse

173 635 317 704 blesen,
343 655 400 692 non
426 645 468 692 est
494 637 687 692 dubitandum.
731 636 791 690 Aut
815 637 889 692 enim
911 635 1000 690 nescit
1024 633 1111 704 Deus,

206 721 236 775 in
254 737 309 792 quo
329 736 444 776 numero
469 721 568 776 melius
593 737 654 774 earn
678 720 777 774 deceat
794 721 939 776 constitui:
967 719 1042 790 qnod
1059 718 1112 773 fal·

207 824 269 861 snm
289 813 348 875 est3
378 810 428 859 aut
451 805 476 858 si
503 805 571 873 scit,
593 805 622 859 in
639 822 672 860 eo
689 805 767 859 illam
787 807 948 876 constituet,
974 821 1057 877 quem
1074 803 1112 858 ad

173 893 259 947 bboc
282 890 467 947 decentiorem
490 889 635 960 intelliget.
680 890 857 962 Quapropter
878 897 929 945 aut
953 889 1047 961 angeli
1071 888 1113 944 illi

207 977 256 1048 qui
272 975 447 1048 ceciderunt,
463 972 533 1028 facti
552 980 630 1029 eraut
643 977 684 1029 'ad
703 975 763 1045 hoc,
780 980 812 1029 ut
829 982 921 1030 essent
940 974 1014 1029 intra
1032 973 1111 1028 illum

206 1074 367 1127 numerum,
400 1064 448 1113 aut
476 1059 543 1130 quia
569 1059 646 1116 entia
675 1061 754 1115 illum
780 1077 925 1116 numerum
951 1076 1112 1131 permanere

171 1157 190 1199 ··.
206 1161 263 1199 non
287 1150 451 1215 potuerunt,
477 1162 511 1200 ex
535 1147 699 1202 necessitate
723 1145 1001 1216 cecideruntflquod
1017 1145 1113 1200 absur-

208 1231 274 1284 dum
292 1237 334 1285 est
360 1229 476 1300 opinari.
512 1232 580 1284 Bos.
616 1230 727 1286 Veritas
750 1237 793 1285 est
815 1234 913 1298 aperta
934 1229 1010 1300 qnod
1035 1229 1112 1286 dicia.
1125 1211 1144 1281 Ἀ

174 1324 188 1372 'l
207 1316 277 1372 Ana.
304 1314 444 1380 Quoniam
460 1333 528 1386 ergo
548 1317 583 1370 de
601 1315 650 1370 illo
667 1331 782 1370 numero
802 1330 862 1370 esse
881 1314 1046 1384 debuerunt,
1064 1321 1113 1369 aut

207 1401 404 1456 restaurandus
423 1405 466 1454 est
483 1415 517 1453 ex
542 1399 705 1455 necessitate
731 1417 861 1455 numerus
885 1417 993 1469 eorum,
1018 1399 1113 1454 autin

207 1486 369 1557 imperfecto
396 1500 510 1539 numero
540 1485 694 1540 remanebit
723 1485 866 1541 rationalis
895 1492 1010 1551 natura,
1042 1501 1113 1556 quae

207 1571 237 1625 in
265 1588 380 1626 numero
403 1567 526 1641 perfecto
554 1570 692 1639 praescita
719 1577 774 1640 est,
800 1571 875 1641 quod
899 1585 958 1624 esse
977 1585 1034 1622 non
1053 1574 1113 1639 pot·

174 1667 189 1718 8
208 1663 257 1712 est
293 1657 361 1710 Bos.
378 1654 565 1710 Restaurandi
582 1655 680 1725 procul
697 1654 783 1711 dubio
804 1659 875 1709 sunt
903 1655 973 1708 Ans.
992 1653 1114 1712 Necesse

208 1748 251 1797 est
268 1759 349 1814 ergo,
374 1759 420 1797 eos
444 1740 479 1795 de
500 1740 623 1794 humana
640 1747 754 1811 nature,
773 1740 905 1813 quoniam
924 1756 980 1795 non
997 1746 1040 1795 est
1057 1739 1115 1794 alia

208 1826 243 1882 de
261 1844 317 1899 qua
334 1828 442 1898 possint
458 1825 612 1881 restaurari

176 2013 203 2063 1w
244 2043 249 2054 ,.
287 1963 356 2050 17.
404 2001 474 2054 130⁸.
510 1997 567 2051 eur
592 2013 647 2051 non
672 1997 726 2067 ipsi
746 2001 795 2050 aut
814 1996 862 2051 aui
879 1995 972 2066 angen
990 2012 1041 2065 pro
1058 1994 1113 2050 uus

207 2089 324 2154 possunt
350 2082 478 2137 restitui?
513 2082 583 2135 Aue.
619 2081 700 2135 Cum·
715 2080 822 2136 videbis
849 2087 959 2136 nostrae
976 2086 1113 2135 restaura·

207 2167 290 2222 tionis
313 2166 520 2236 difficultatem,
545 2166 677 2238 intelligis
702 2183 797 2221 eornm
814 2165 1045 2220 reconciliationis
1062 2164 1113 2218 im·

174 2251 425 2322 ppossibilitatem.
461 2253 520 2306 Alii
541 2259 634 2309 autem
656 2252 750 2323 angeli
774 2268 825 2322 pro
852 2251 907 2306 illis
929 2250 1038 2306 restitui
1057 2267 1114 2304 non

206 2345 327 2409 possunt
339 2338 414 2416 ideo,
433 2337 600 2408 (ut-taceam
622 2338 759 2409 quomodo
776 2337 828 2393 hoc
846 2353 1004 2408 repugnare
1020 2335 1113 2390 videa·

206 2429 252 2476 tur
269 2423 375 2495 primae
393 2425 540 2480 creationis
557 2423 732 2494 perfectioni)
759 2424 825 2494 quia
847 2440 904 2478 non
921 2421 1037 2491 debent,
1060 2420 1114 2475 nisi

206 2508 278 2562 tales
297 2525 357 2562 esse
372 2511 493 2579 possint,
520 2509 617 2579 quales
635 2508 677 2563 illi
694 2507 812 2562 fuissent
828 2507 853 2561 si
869 2526 924 2563 non
942 2512 1114 2578 peccassent,

207 2609 271 2647 curn
289 2593 330 2647 illi
349 2594 426 2648 nulla
444 2594 504 2647 visa
523 2593 645 2646 vindicta
660 2595 770 2664 peccati
781 2598 1018 2664 perseverassent3
1037 2591 1113 2662 quod

207 2685 271 2749 post
290 2678 399 2733 illorum
418 2694 515 2732 casum
532 2677 595 2732 aliis
613 2679 661 2748 qui
683 2696 735 2749 pro
752 2678 807 2733 illis
824 2678 1048 2746 restituerentur,
1072 2695 1113 2732 es·

174 2765 251 2818 teet
276 2763 454 2834 impossibile
499 2762 564 2817 Non
585 2762 658 2816 enim
683 2764 787 2833 pariter
808 2763 963 2818 laudabiles
987 2770 1065 2833 sunt,
1089 2762 1114 2818 si
1177 2798 1180 2803 -

208 2853 283 2903 stam
306 2849 336 2902 in
357 2849 487 2919 veritate,
513 2849 611 2920 etqui
634 2849 739 2903 nullam
761 2848 841 2903 novit
861 2846 970 2919 peccati
994 2864 1113 2918 poenam

208 2941 237 2990 et
254 2935 302 3005 qui
321 2951 382 2990 eam
406 2953 515 3006 semper
538 2935 640 3007 aspicit
659 2941 809 2989 aeternam.
846 2933 919 2988 Nam
937 2949 1113 3006 nequaquam

208 3019 363 3090 putandum
381 3028 424 3076 est
444 3020 531 3075 bonos
554 3020 668 3092 angelos
694 3036 754 3075 esse
776 3017 952 3074 confirmatos
971 3035 1038 3074 casu
1057 3036 1113 3074 ma·

174 3103 305 3174 llorum,
323 3106 373 3160 sed
392 3115 441 3162 su‘o
462 3105 571 3164 merito.
608 3103 685 3160 Sicut
709 3121 829 3175 namque
847 3102 871 3157 si
890 3102 956 3158 boni
976 3122 1039 3160 cum
1056 3123 1114 3162 ma·

207 3187 242 3243 lis
260 3195 438 3260 peccassent,
464 3191 547 3244 simul
566 3188 689 3244 damnati
709 3196 814 3253 essent,
833 3187 874 3244 ite
891 3189 987 3246 iniusti
1006 3191 1113 3248 sicum

207 3272 288 3328 iustis
310 3275 463 3342 stetissent,
485 3273 589 3343 pariter
611 3272 767 3328 confirmati
786 3273 913 3330 fuissent.
952 3275 1064 3348 Quippe
1088 3277 1114 3332 si

207 3357 296 3431 aliqui
317 3375 413 3411 eorum
434 3371 491 3409 non
512 3355 567 3410 nisi
590 3371 658 3412 casu
680 3357 798 3414 aliorum
821 3361 1003 3418 confirmandi
1025 3371 1113 3436 ciant,
