2638 3818
200 311 241 377 72
290 343 298 358 s
378 307 406 364 S.
425 307 595 366 Ausum
614 304 920 367 OAN'llUABfflNSffi

199 493 261 532 mus
289 475 443 548 Christum,
474 495 556 548 quem
585 477 678 532 Deum
710 483 739 534 et
766 476 906 534 hominem
936 471 1108 542 confitemur,

118 631 121 636 Ι
193 578 261 642 Σιιειιο
291 567 430 618 mortuum
457 569 571 636 propter
599 581 664 632 noa,
695 563 748 620 hoc
779 570 872 621 autem
897 560 1004 630 absque
1029 559 1109 618 omni

201 647 374 704 dubitatione
382 650 403 717 1)
421 648 547 722 cognito,
574 655 676 704 cuncta
693 666 765 720 quae
778 649 842 720 ipse
859 647 927 703 dicit
945 652 1020 704 certa
1037 661 1109 715 essa,

201 733 332 804 quoniam
358 733 436 790 Deus
459 734 570 790 mentiri
594 733 704 806 nequit,
730 740 759 789 ct
785 735 925 805 sapienter
951 744 1011 788 csse
1033 731 1110 786 facta

128 867 130 871 Α
200 834 273 889 quae
295 817 364 874 fecit
389 818 574 877 dubitandum
597 837 654 878 non
678 824 733 888 cst,
754 819 889 896 ‚quamvis
916 834 1011 874 eorum
1037 817 1109 876 ratio

151 899 183 954 1⁰
201 919 256 960 non
280 901 452 973 intelligatur
468 920 486 958 a
501 903 589 959 nobis.
642 907 711 961 Boc.
746 905 851 963 Verum
869 903 1005 975 estquod
1024 899 1108 972 diois3

201 1005 253 1045 nco
270 987 446 1058 aliquatenus
470 988 546 1060 quod
570 989 640 1065 (linit
664 1008 724 1052 casa
749 1008 859 1056 verum,
883 994 935 1047 aut
952 988 1027 1061 quod
1043 986 1111 1044 facit

201 1072 403 1129 rationabiliter
420 1090 480 1130 esse
497 1075 619 1144 factum,
642 1077 747 1134 dubito.
784 1075 839 1132 Sed
855 1075 909 1131 hoo
926 1073 1050 1144 postulo,
1078 1078 1110 1128 ut

203 1157 279 1230 quod
302 1156 383 1230 quasi
404 1176 461 1216 non
485 1161 586 1218 debere
610 1168 660 1218 aut
681 1179 739 1218 non
763 1179 843 1232 posse
861 1159 922 1214 fieri
938 1159 1049 1214 videtin
1067 1157 1111 1212 in·

201 1241 331 1299 fidelibus
353 1243 383 1300 in
408 1245 463 1302 fide
489 1245 653 1314 christiana,
678 1245 731 1301 hoc
758 1245 826 1300 mihi
851 1261 908 1316 qua
923 1245 1031 1300 ratione
1048 1243 1109 1299 fieri

203 1328 304 1385 debant
328 1335 378 1386 aut
403 1331 490 1400 possit
516 1331 638 1402 aperias3
665 1348 721 1386 non
750 1337 782 1386 ut
807 1348 852 1387 me
875 1330 905 1396 iu
928 1329 985 1387 fide
1009 1329 1106 1386 confir·

190 1431 267 1484 ¹mes,
285 1415 336 1470 sed
358 1421 391 1470 ut
415 1413 606 1470 confirmatum
628 1415 752 1473 veritatis
778 1417 866 1489 ipsius
890 1415 1033 1472 intellectu
1050 1415 1106 1470 lae·

200 1498 325 1568 tificcs.²)
1019 1546 1023 1552 ,

169 1665 182 1717 1
281 1635 335 1722 16
348 1663 381 1720 a·
417 1645 486 1724 Bos.
522 1667 698 1741 Quapropter
721 1671 793 1726 sicut
818 1688 912 1728 eorum
933 1688 1004 1744 quae
1023 1689 1109 1742 supra
1176 1735 1181 1744 ,

204 1755 280 1810 dicta
298 1761 363 1811 suut
379 1753 514 1810 rationem
540 1754 687 1827 aperuisti,
711 1756 750 1811 sic
767 1762 849 1830 peto,
875 1764 907 1814 ut
925 1774 1019 1812 corum
1037 1774 1109 1829 quac

168 1837 265 1897 2sum
296 1839 388 1897 adhuc
421 1839 597 1911 quaesiturus
626 1841 765 1898 rationem¹
789 1844 930 1899 ostendas.
984 1843 1110 1912 Primum

202 1925 322 1996 scilicet,
345 1925 465 1997 qualitor
487 1925 522 1981 dc
545 1941 639 1982 massa
654 1928 825 1996 peccatrice,
854 1929 914 1986 ie.
935 1928 970 1986 dc
987 1929 1109 1989 humano

201 2030 304 2084 genere
334 2013 409 2086 quod
435 2015 529 2076 totum¹
554 2010 691 2068 inform
720 2017 779 2066 erat
810 2019 941 2084 peccato,
971 2015 1110 2088 hominem

202 2097 262 2152 sinc
274 2093 393 2168 *musa
417 2095 497 2170 quasi
522 2113 653 2166 azymum
673 2095 708 2152 de
724 2095 890 2153 fermentato
907 2099 985 2160 Deus
1004 2117 1109 2156 assum·

202 2268 307 2322 munda
326 2274 355 2323 et
379 2267 485 2339 absque
509 2266 629 2322 carnalis
654 2266 846 2325 delectationis
867 2276 1002 2342 peecata
1020 2271 1109 2342 virgo

201 2360 295 2410 tamon
312 2353 374 2425 ipsa
390 2353 465 2409 unde
482 2359 620 2408 assumtus
638 2359 694 2424 est,
716 2359 759 2413 est
781 2354 811 2410 in
832 2353 1027 2427 iniquitatibus
1043 2372 1108 2415 con-

201 2445 285 2511 cepta
301 2444 330 2494 ct
346 2439 376 2494 in
401 2438 524 2510 peccatis
547 2438 675 2510 concepit
698 2456 759 2496 cam
781 2446 870 2496 mator
888 2439 979 2510 eiust)
999 2447 1110 2498 etcum

202 2523 332 2596 originali
356 2528 471 2596 peccato
495 2529 563 2579 nata
589 2530 644 2594 est,
674 2524 805 2598 quoniam
827 2525 939 2596 etipsa
960 2526 991 2580 in
1015 2511 1144 2602 Adans

167 2615 185 2666 4
201 2607 344 2681 peccavit,
360 2608 390 2665 in
409 2625 464 2680 quo
482 2625 577 2665 omncs
597 2613 817 2681 peccaverunt.⁴)
855 2611 928 2686 Aoo.
956 2609 1110 2684 Postquam

202 2699 312 2752 ansas
337 2693 477 2751 hominem
509 2694 588 2748 illum
615 2711 676 2750 esse
697 2695 790 2754 Deum
814 2702 842 2752 et
866 2701 1047 2768 peccatorum
1068 2715 1111 2754 re·

202 2779 420 2849 conciliatorem,
451 2778 568 2834 dubium
589 2798 647 2836 non
671 2787 714 2838 cst
737 2799 800 2838 oum
826 2781 937 2854 omnino
960 2781 1020 2838 sinc
1044 2799 1109 2855 peo3

201 2872 265 2922 cato
288 2881 364 2934 essc3
387 2864 440 2922 hoo
464 2870 558 2922 autem
582 2882 644 2924 csso
660 2881 716 2922 non
734 2868 822 2936 valet,
849 2865 903 2920 nisi
921 2867 1027 2942 absque
1044 2885 1109 2940 pec·

167 2950 264 3008 tosta
288 2951 440 3008 domasse
463 2951 620 3022 peccatrice
645 2951 683 3016 sit
705 2958 852 3010 assumtus.
889 2951 951 3018 Qua
976 2970 1042 3010 vero
1065 2970 1109 3010 ra-

270 3107 297 3230 13
316 3105 486 3160 dubitatione
502 3105 559 3162 Aa
583 3135 617 3146 ·-
640 3071 819 3192 ambiguitate
836 3104 893 3162 Ac
911 3136 945 3146 —
968 3105 1109 3162 dubietate

198 3172 297 3310 Aba)
316 3173 450 3299 galgulis.
469 3242 491 3297 L
511 3260 528 3299 ο
556 3249 578 3312 ι,
601 3248 679 3324 apo.
699 3247 741 3312 25,
763 3249 801 3299 rr.

270 3313 297 3378 a)
314 3310 419 3366 Proin
438 3317 471 3368 so
484 3309 552 3398 [cop
569 3318 593 3368 ι.

269 3381 298 3444 4)
315 3377 372 3434 Ost·
389 3379 504 3436 mm
521 3387 545 3450 ὅ,
567 3385 606 3436 12·
839 3409 842 3416 ’
1054 3434 1057 3438 .
1112 3404 1116 3417 ”

1303 938 1308 991 l

1306 1012 1309 1039 ι

168 2181 247 2236 usit.
295 2180 368 2238 Nam
403 2181 484 2248 licet
499 2181 562 2252 ipsa
593 2179 711 2237 hominis
743 2182 866 2252 eiusdem
899 2184 1044 2256 conceptio
1072 2185 1109 2240 sit
1301 2007 1309 2263 ἔ
