2638 3818
235 287 278 354 32
414 285 442 342 S.
460 284 631 344 ANSELMI
650 285 957 344 comunimus

234 472 329 511 omnes
352 456 451 512 Iudaei
479 456 675 527 credidissent,
706 455 811 511 Gentes
837 460 931 510 tumen
955 460 1138 526 voce-rentum

234 541 301 612 quia
318 542 347 595 in
368 543 445 596 omos'
469 551 562 612 ponto,
588 542 637 612 qui
658 542 734 596 timet
754 544 891 595 Deum‘et
907 547 1043 609 oporatur
1060 541 1138 596 iusti·

234 627 317 690 tiam,
346 637 474 698 aceeptus
499 637 539 682 cst
563 628 616 681 illi.
626 630 645 694 ¹)
681 625 737 682 Sed
764 626 895 698 quoniam
913 625 1011 682 Iudaei
1028 633 1138 697 sposto-

233 710 274 766 los
300 719 521 781 contemserunt,
545 728 579 766 ee
602 717 670 766 bruc
695 708 750 764 fuit
773 711 895 780 occasio,
922 715 955 764 ut
975 712 1012 766 cd
1034 711 1138 768 Gentes

183 795 274 852 191111
293 803 525 853 converterentrn.
560 799 627 850 Bon
645 794 730 850 Nullo
747 795 829 852 modo
849 796 939 864 video,
957 796 1026 867 quid
1043 804 1139 853 contre

232 882 302 938 heec
325 883 418 936 dicere
439 881 550 951 possim.
585 881 654 935 Ace.
690 880 774 936 Unde
796 880 848 935 tibi
874 880 985 936 ridetur
1009 882 1138 938 accidere

181 973 215 1026 20
233 967 382 1038 singuieris
401 965 451 1020 illu
467 965 576 1022 laetitia
594 967 629 1022 de
648 966 739 1021 alieno
757 965 845 1020 casu?
880 969 948 1024 Bos.
975 967 1066 1038 Unde,
1083 968 1139 1022 nisi

232 1052 299 1124 quie
324 1058 416 1106 certus
435 1051 488 1106 erit
504 1051 708 1123 unusquisque,
733 1050 865 1123 quoniam
883 1051 932 1106 uui
950 1053 1004 1108 erit
1019 1053 1137 1109 nullate·

232 1155 284 1192 nus
303 1142 383 1206 esset,
401 1137 454 1191 nisi
474 1137 545 1192 eiius
564 1137 630 1193 inde
648 1136 815 1194 cecidisset?
849 1138 918 1192 Aoo.
940 1136 970 1192 si
988 1155 1053 1209 ergo
1065 1139 1138 1194 hanc

232 1223 425 1278 certitudinem
452 1224 547 1278 nullus
573 1221 704 1292 heberet,
729 1241 785 1279 non
812 1229 885 1278 esset
908 1211 983 1277 unde
1005 1224 1080 1278 ullus
1102 1224 1137 1278 de

181 1315 212 1366 21
232 1308 322 1364 alieno
349 1310 449 1364 demno
477 1309 621 1380 gauderet.
658 1309 726 1362 Boe.
761 1309 807 1362 Ite
823 1309 941 1363 videtur.
978 1310 1047 1364 Ans.
1082 1309 1137 1363 Pu·

231 1399 310 1450 usne
324 1395 446 1465 aliquem
471 1393 582 1449 illorum
607 1393 768 1448 habiturum
791 1393 863 1447 hene
879 1394 1086 1461 certitudinem,
1114 1394 1138 1448 si

180 1488 213 1539 22
231 1479 429 1549 multoplures
448 1485 530 1534 erunt
546 1496 632 1551 quem
649 1477 698 1548 qui
716 1477 896 1532 ceciderunt?
932 1481 1001 1534 Bor.
1025 1479 1137 1550 Neque·

232 1580 315 1634 quem
333 1581 445 1633 possum
463 1565 580 1636 opinari,
605 1563 681 1636 quod
699 1580 760 1618 eum
778 1562 883 1618 habeut
901 1569 951 1618 eut
968 1563 1071 1620 hebere
1089 1564 1136 1620 de-

230 1649 303 1704 beat.
341 1648 485 1712 Quomodo
511 1667 633 1722 namque
656 1649 719 1720 quis
745 1649 849 1720 poterit
867 1649 950 1712 scire,
975 1653 1067 1702 utrum
1085 1665 1136 1718 pro

230 1734 413 1790 restaurendo
437 1735 512 1805 quod
535 1735 710 1790 imminutum
732 1740 804 1802 eret,
829 1741 877 1789 aut
900 1750 952 1805 pro
974 1733 1137 1804 complendo

230 1820 306 1892 quod
332 1820 455 1875 nondum
481 1820 636 1891 perfectum
663 1826 735 1890 erat,
764 1820 800 1875 de
824 1821 873 1874 illo
898 1835 1012 1874 numero
1037 1817 1137 1874 consti·

229 1907 350 1962 tuendae
374 1905 494 1960 civitatis
517 1907 554 1960 sit
579 1905 693 1960 faetus?
721 1906 771 1960 sed
790 1923 885 1961 omnes
903 1904 971 1960 certi
989 1910 1083 1974 erunt,
1107 1920 1138 1959 ee

178 1999 212 2051 23
229 1991 319 2047 factos
338 2009 397 2046 esse
417 1991 454 2046 ed
471 1989 668 2062 perficiendum
690 1990 767 2044 illum
787 1991 935 2047 civitatem.
972 1992 1041 2044 Aue.
1060 1990 1135 2060 Ergo

229 2077 253 2130 si
270 2078 364 2146 plures
384 2082 465 2132 erunt
491 2091 575 2146 quem
597 2075 708 2146 reprobi
727 2076 833 2148 angeli,
857 2077 951 2132 nullus
967 2075 1069 2147 poterit
1086 2079 1137 2130 eut

229 2161 344 2216 debebit
361 2161 443 2228 scire,
470 2176 499 2215 se
516 2175 572 2213 non
592 2176 653 2216 ecee
672 2160 711 2216 ibi
729 2167 883 2216 assumtum
902 2162 956 2217 nisi
974 2179 1025 2232 pro
1043 2161 1134 2216 alienu

178 2253 212 2303 24
230 2263 305 2300 casu.
340 2247 409 2300 Boe.
444 2245 549 2302 Verum
572 2251 621 2300 est.
657 2248 728 2302 Ans.
762 2247 827 2306 Non
849 2248 935 2320 igitur
952 2246 1067 2303 hebebit
1086 2245 1136 2300 eli-

230 2331 309 2404 quis,
336 2349 387 2387 cur
412 2332 535 2404 gaudere
559 2330 661 2387 debeat
682 2333 717 2390 de
737 2333 850 2388 ulterius
867 2333 1032 2404 perditione
1067 2336 1135 2388 Bes.

177 2413 273 2474 251ta
292 2419 425 2490 sequitur.
460 2419 531 2472 Arre.
567 2416 637 2472 Cum
659 2417 755 2490 itaque
771 2419 930 2489 videamus,
948 2416 1057 2490 quiesi
1075 2417 1135 2488 plu·

228 2520 272 2558 res
293 2508 373 2558 erunt
396 2503 520 2558 homines
540 2502 624 2558 electi
649 2520 733 2574 quem
750 2504 808 2558 sint
824 2503 936 2576 reprobi
955 2502 1063 2574 angeli,
1087 2501 1135 2556 iile

228 2603 284 2642 non
313 2591 474 2660 sequetur2)
505 2588 742 2659 inconvenientia,
776 2593 889 2662 quemi)
918 2590 997 2660 sequi
1022 2603 1135 2644 necesse

230 2679 285 2743 est,
311 2675 335 2728 si
352 2675 445 2745 plures
469 2690 526 2728 non
549 2679 644 2744 erunt,
670 2681 783 2730 etcum
806 2674 976 2746 impossibiie
993 2673 1030 2728 sit
1046 2672 1135 2727 ullum

227 2761 257 2814 in
281 2759 332 2814 illu
357 2759 469 2816 civitate
493 2760 618 2814 futurum
646 2759 857 2828 inconveniens,
889 2757 999 2812 videtur
1021 2771 1133 2813 necesse

100 2891 103 2903 ,
179 2877 182 2883 ·
228 2863 302 2915 esse,
329 2850 360 2900 ut
385 2845 478 2918 angeli
502 2862 558 2900 non
582 2845 637 2899 sint
659 2844 729 2900 fecti
753 2845 782 2898 in
807 2843 855 2898 illo
872 2843 994 2914 perfecto
1010 2857 1133 2910 numero,

228 2939 257 2986 et
280 2932 375 3002 plures
401 2931 488 2988 futuri
515 2931 571 2985 sint
598 2931 673 2986 hecti
700 2930 823 2986 homines
849 2945 935 3000 quem
961 2927 1017 2982 sint
1041 2924 1134 2983 miseri

177 3017 210 3070 26
228 3019 329 3089 angeli.
365 3021 433 3072 Boe,
463 3017 529 3072 Non
546 3015 636 3082 video,
656 3033 712 3088 qus
728 3015 835 3071 ratione
851 3015 907 3068 hoc
923 3012 1019 3084 negari
1037 3016 1130 3084 quest

582 3139 649 3150 abt—n·

299 3207 323 3274 1)
342 3205 416 3260 Actu
434 3203 532 3274 Apost.
553 3211 592 3272 10,
611 3210 653 3260 35.

297 3277 324 3409 ἐξ
342 3282 473 3410 {wige
488 3273 544 3327 ,Aa
562 3303 595 3312 -
615 3280 746 3342 sequano
764 3271 846 3326 Abu
863 3269 888 3324 B
908 3267 933 3324 Ε
950 3268 1010 3322 Fu
