2638 3818
165 307 186 348 X
428 305 648 362 PRAEFATIO
667 307 855 364 snlnoms

229 478 298 542 Iam
320 495 396 543 vero
419 475 459 542 de
488 489 621 564 tompore
648 475 816 562 compositi
837 483 869 543 et
891 477 969 543 editi
991 479 1132 547 haimos

166 562 271 646 operis
302 561 362 626 erit
390 561 558 645 agendum.
612 562 807 628 Monastcrio
833 563 985 630 Beocensi
1011 565 1123 632 relicto

166 648 198 714 S.
221 647 392 714 Anselmus
416 653 628 731 posteaquam
649 667 677 710 a.
703 647 784 712 1093
798 647 831 711 in
849 649 1000 733 Angliam
1020 657 1123 717 trans-

95 731 96 736 ’
165 731 332 816 migravit,
365 738 516 816 quantum
552 730 712 796 scribendi
742 733 841 797 otium
873 735 938 819 ipsi
967 736 1124 818 superfuit

165 823 240 881 ante
263 816 368 883 omnia
397 836 435 882 eo
457 835 529 881 esse
558 815 783 882 conferendum
801 818 973 886 arbitratus
998 827 1060 904 est,
1088 829 1124 887 ut

164 902 254 966 litem
292 922 350 986 per
380 901 583 966 Roscelinum
618 902 805 968 canonicum
838 903 1124 1005 Compendiensem

165 986 402 1052 nominalistam
445 985 643 1069 eundemque
686 986 878 1052 tritheistam
916 1011 949 1054 m
987 991 1125 1058 eeclesia

166 1071 337 1137 Gallicana
359 1071 552 1136 concitatam
576 1079 677 1155 atque
699 1072 732 1136 in
754 1071 877 1156 synodo
900 1073 1124 1143 Suessionensi

165 1176 228 1221 non
265 1155 410 1221 sedatam
443 1155 506 1221 nisi
538 1176 597 1241 per
626 1156 768 1241 speciem
798 1176 929 1254 prorsus
962 1161 1124 1229 dirimeret

166 1239 330 1306 doctrinae
358 1241 455 1306 armis
486 1241 623 1306 adiutus.
677 1242 761 1307 Hinc
790 1242 870 1314 libro
904 1246 1035 1328 egregio
1064 1247 1124 1331 „de

166 1324 228 1391 lide
250 1325 421 1398 trinitatis“
441 1327 538 1392 Becci
561 1325 708 1392 inchoato
738 1327 770 1391 in
791 1327 958 1392 Britannia
984 1332 1123 1398 novitius

165 1417 341 1475 extremam
367 1430 495 1474 manum
522 1411 674 1495 imposuit
698 1430 799 1494 eoque
831 1413 1009 1479 adversarii
1031 1417 1124 1484 istius

165 1494 365 1578 sophismata
390 1495 566 1560 confutavit
594 1497 821 1580 sagacissimus
843 1497 1003 1582 dogmatis
1025 1504 1125 1567 eccle-

166 1579 287 1644 siastici
324 1588 552 1696 propugnator.
610 1580 680 1658 Quo
719 1581 805 1647 facto
836 1589 1008 1664 tractatum
1040 1585 1125 1671 „Cur

164 1665 254 1730 Deus
284 1664 407 1730 Homo‘
438 1685 629 1750 aggressus,
670 1666 734 1731 iam
767 1687 826 1752 per
858 1675 1015 1742 aestatem
1049 1672 1125 1735 anni

167 1749 249 1814 1094
271 1749 340 1816 eius
362 1749 477 1814 librum
498 1751 635 1834 primum
657 1772 678 1816 a
699 1753 813 1818 Fratre
832 1752 1001 1840 Ermer01)
1023 1759 1124 1820 trans-⁴

165 1834 319 1918 scriptum
330 1835 373 1900 ad
387 1835 557 1901 ecclesiam
566 1836 761 1901 Beccensem
772 1837 897 1902 direxit.
919 1839 988 1904 Nec
1002 1841 1124 1925 mirum,

165 1919 194 1984 si
213 1919 294 1986 haec
314 1920 474 2004 particula
497 1920 603 2005 operis
625 1920 679 1985 diu
701 1923 880 2006 exspectati
901 1944 939 1988 ac
956 1924 1125 1990 vehemen-

165 2010 214 2069 ter
249 2005 439 2088 desiderati,
479 2012 607 2070 auctore
644 2006 745 2072 inscio
789 2013 822 2073 et
855 2007 973 2092 invito,
1016 2008 1124 2077 multis

166 2090 323 2173 exemplis
345 2090 436 2175 brevi
457 2097 600 2174 tempore
621 2090 717 2174 longe
737 2092 866 2175 lateque
884 2093 1124 2162 circumfereba-

165 2179 224 2238 tur.
269 2175 388 2240 Secuta
409 2175 484 2240 dein
505 2181 579 2240 sunt
600 2175 725 2259 proelia
751 2175 784 2240 in
805 2176 947 2244 favorem
967 2179 1125 2246 libertatis

165 2408 216 2457 est.
252 2402 338 2458 Cuius
355 2403 527 2458 conversioni
547 2403 629 2457 simul
651 2410 680 2458 et
697 2404 900 2458 conversationi
917 2405 1043 2462 diabolus
1063 2425 1125 2480 gre-

165 2471 237 2525 viter
249 2471 383 2540 invidens,
401 2471 429 2526 in
443 2478 549 2527 tantam
563 2473 641 2526 illum
653 2473 814 2527 tentationis
826 2475 976 2542 procellam
988 2475 1126 2544 demersit,

165 2546 197 2594 ut
223 2541 435 2595 succedentibus
463 2541 517 2595 sibi
544 2541 627 2595 variis
658 2558 690 2596 co
713 2542 857 2597 'tationum
888 2543 1052 2600 tumultibus
1080 2547 1126 2600 vix

165 2609 264 2664 mentis
288 2626 354 2664 suae
379 2627 490 2680 compos
515 2609 653 2666 existeret
728 2611 870 2666 ansierunt
893 2612 923 2666 in
940 2613 993 2668 hoc
1013 2614 1126 2684 quidam

157 2678 226 2734 'dies
245 2685 273 2733 et
291 2678 383 2749 seipsa
402 2695 511 2748 semper
527 2677 614 2733 fiebat
629 2679 774 2734 immanior
786 2680 903 2737 tentatio
919 2683 1016 2737 eadem
1054 2683 1124 2738 'Iur-

165 2747 249 2802 batus
270 2765 299 2802 er
320 2763 337 2800 o
355 2754 384 2802 et
403 2754 495 2802 mente
514 2748 645 2802 confusus
659 2749 821 2804 Anselrnum
838 2749 907 2804 adiit
924 2750 1063 2823 animique
1083 2753 1126 2807 sui

165 2817 267 2871 fluctus
290 2765 333 2870 idi
356 2817 490 2887 exposuit.
519 2817 573 2871 ‚Aa
599 2817 659 2888 ipse
687 2835 773 2888 quum
801 2818 844 2872 sin
884 2819 913 2873 la
938 2821 1126 2890 intellexisset,

164 2885 218 2940 hoe
236 2887 324 2940 solum
341 2885 387 2956 pio
405 2885 525 2954 affectu,
548 2885 606 2940 scil.
625 2885 770 2954 „consulat
786 2886 842 2940 tibi.
878 2887 952 2958 eus,“
970 2889 997 2943 ei
1015 2907 1127 2960 respon-

167 2954 208 3009 dit
228 2956 359 3025 illicoque
379 2953 506 3008 Fratrem
529 2971 547 3010 a
573 2973 602 3010 se
628 2955 741 3009 dimisit.
776 2956 918 3028 Evestigio
938 2966 1031 3014 autem
1049 2965 1127 3014 tanta

165 3025 352 3094 tranquillitas
372 3024 471 3077 mentis
489 3023 568 3077 illum
587 3029 684 3078 secuta
701 3031 756 3093 est,
784 3032 817 3079 ut
834 3025 907 3080 sicut
926 3025 1044 3096 ipsemet
1060 3027 1128 3082 mihi

165 3092 318 3161 referebat,
337 3092 411 3148 ultra
447 3109 511 3146 uam
529 3093 607 3148 dictu
626 3093 759 3149 credibile
777 3093 828 3162 sit,
851 3094 943 3150 subito
962 3097 1033 3151 nlius
1049 3096 1128 3152 fieret

165 3162 201 3216 ab
222 3177 255 3215 eo
278 3162 325 3233 qui
342 3161 403 3216 fuit
428 3109 537 3232 [itaque
562 3162 650 3216 omnis
672 3162 722 3216 illa
744 3164 861 3218 tentatio
885 3165 995 3234 penitus
1016 3165 1129 3220 evanuit

164 3247 217 3286 nee
234 3231 383 3302 quicquam
400 3229 559 3286 huiusmodi
577 3231 607 3286 in
624 3249 654 3288 se
671 3231 787 3286 ulterius
807 3233 900 3288 sensit.

238 3316 263 3387 1)
283 3315 371 3381 Quem
388 3320 486 3370 auctor
504 3317 579 3386 Epp.
593 3322 617 3382 3,
631 3323 662 3372 25
681 3316 740 3382 (cir.
756 3323 778 3384 l,
794 3321 835 3384 17)
855 3318 1026 3374 carissimum
1039 3315 1128 3371 filium

166 3403 246 3441 suum
265 3392 293 3441 ct
309 3385 442 3440 baculum
463 3386 615 3442 senectutis
634 3402 702 3441 suae
721 3387 852 3459 appellat.
