2638 3818
235 1043 276 1158 S.
311 1039 540 1160 ANSELMI
584 1039 1006 1158 CANTUARIENSIS

433 1275 804 1350 LIBERPRIMUS

306 1457 444 1525 GUR
489 1459 680 1524 DEUS
725 1457 931 1526 HOMO.

516 1665 727 1676 ψ...-

242 1761 281 1845 1·
334 1765 434 1864 Saepe
454 1797 483 1850 et
506 1793 708 1850 studiosissime
731 1811 749 1849 e
766 1792 860 1848 multis
876 1797 992 1863 rogatus
1010 1789 1104 1870 sent

163 1883 192 1933 et
212 1877 304 1934 verbis
329 1885 358 1934 ct
383 1877 485 1948 literis,
514 1885 651 1951 quatenns
677 1879 821 1934 cniusdam
848 1878 1016 1948 quaestionis
1036 1879 1071 1934 de

161 1963 218 2019 fide
244 1970 338 2020 nostra
365 1964 501 2034 rationes,
529 1981 599 2037 quas
627 1964 700 2020 soleo
727 1962 894 2034 respondero
916 1963 1071 2034 quaerenti-

163 2048 224 2118 bus,
242 2050 390 2106 memoriae
407 2048 553 2106 scribendo
569 2049 800 2118 commendem31)
819 2047 917 2102 dicunt
929 2047 1004 2104 enim
1015 2047 1070 2104 sibi

160 2133 273 2203 placere
304 2151 351 2190 ces
383 2139 413 2190 ct
444 2137 615 2192 arbitrantur
643 2135 810 2191 satisfacere.
855 2132 936 2199 Quod
960 2131 1106 2205 petnnt²

161 2234 218 2272 non
243 2224 276 2272 ut
297 2237 348 2290 per
372 2221 508 2277 rationem
527 2223 563 2278 nd
582 2221 667 2276 fidem
686 2219 833 2289 accedant,
859 2219 909 2274 sed
926 2225 958 2274 ut
975 2237 1071 2276 eorum

163 2320 236 2373 quoe
259 2305 377 2360 credunt
400 2306 544 2363 intellectu
569 2313 597 2363 et
626 2304 857 2375 contemplatione
877 2305 1070 2375 :delectentm

163 2394 191 2442 et
214 2395 247 2443 nt
271 2390 339 2459 sint,
372 2398 507 2461 quantum
531 2397 663 2464 possunt,
687 2389 779 2460 parati
801 2405 910 2462 semper
933 2391 970 2445 ed
993 2389 1072 2444 satis-

163 2469 312 2530 factionem
333 2475 408 2530 omni
432 2475 559 2547 poscenti
579 2476 762 2532 serationem
779 2475 814 2530 de
834 2492 868 2531 cc
884 2490 957 2546 quae
974 2475 1004 2528 in
1024 2491 1073 2529 no·

165 2553 208 2609 bis
234 2565 276 2613 est
301 2576 358 2630 spe.
367 2563 388 2628 ²)
435 2559 525 2625 Quem
557 2561 747 2632 quaestionem
773 2561 862 2616 solent
889 2566 916 2616 et
944 2559 1106 2614 infideles3

163 2637 243 2693 nobis
266 2643 470 2714 simplicitatem
492 2644 673 2702 christianam
691 2647 770 2718 quasi
787 2645 895 2701 fatuam
914 2645 1070 2700 deridentes
1102 2645 1105 2652 '

163 2721 294 2797 obiicere,
318 2733 346 2783 et
365 2727 462 2786 fideles
486 2731 568 2786 multi
585 2732 615 2786 in
634 2732 717 2788 corde
734 2747 858 2787 versere:
887 2748 943 2801 qna
961 2729 1068 2784 scilicet

162 2807 270 2865 ratione
292 2813 337 2868 vel
361 2816 528 2872 necessitate
546 2817 624 2873 Deus
651 2815 734 2873 homo
756 2815 847 2871 tectus
864 2815 915 2884 sit,
939 2821 967 2872 et
984 2819 1073 2868 morte

162 2911 232 2958 suc,
257 2895 329 2952 sicut
352 2913 403 2954 nos
430 2899 568 2955 credimus
596 2908 625 2957 et
652 2901 831 2971 confitemur,
858 2900 962 2956 mundo
985 2899 1072 2952 vitam

162 2977 330 3050 reddiderim
349 2999 412 3038 cum
430 2984 484 3039 hoc
502 2990 552 3038 aut
569 2977 620 3056 pe'r
637 2986 721 3040 aliem
738 3003 893 3057 personam,
911 2985 969 3039 sive
987 2998 1072 3053 enge·

237 3169 261 3232 l)
282 3174 501 3228 commodarem
518 3172 574 3230 Aa
590 3173 623 3228 B.
1068 3209 1071 3219 ·

233 3241 261 3303 2)
287 3235 343 3290 eft.
370 3244 392 3294 1.
411 3240 487 3304 Petr.
507 3247 538 3310 3,
566 3247 610 3297 tt:
637 3241 743 3309 ἕτοιμοι
761 3240 805 3296 ἀεὶ
823 3237 892 3314 πρὸς
915 3237 1073 3311 ἀπολογίαν

161 3310 246 3359 παντὶ
263 3309 301 3376 τῷ
321 3309 442 3362 αἰτοῦντι
465 3308 538 3390 ὑμᾶς
557 3309 643 3382 λόγον
667 3316 731 3385 περὶ
751 3313 795 3378 τῆς
815 3313 844 3366 ἐν
864 3307 879 3364 1²
882 3315 934 3384 μῖν
951 3309 1070 3372 811un

901 3401 913 3452 1
962 3399 973 3420 Γ
