2638 3818
244 305 291 382 68
427 306 964 395 s.snsrnmesn¹rnari1nns1s

247 497 448 554 beatitudinem
474 511 529 550 non
551 492 671 566 pertinet
688 493 868 550 eommodum
893 495 968 566 quod
985 493 1070 550 habet
1087 495 1150 567 quis

249 587 346 640 eontra
361 583 548 646 voluntatem,
565 579 607 634 ita
622 596 678 655 non
698 585 739 635 ost
755 579 866 635 miseria
884 581 1089 651 apprehendere
1106 595 1150 634 sa·

247 670 356 744 pientes·
380 667 458 723 nulla
483 664 647 722 necessitate
680 665 793 736 aliquod
820 665 1023 721 incommodum
1054 682 1150 721 seeun-

249 754 315 810 dum
334 753 512 809 voluntatem.
548 753 615 806 Bos.
633 747 849 805 eoncedendum
867 756 916 806 est.

188 909 229 960 “¹
326 891 395 977 130
442 923 510 976 Bos.
527 920 632 976 Verum
649 919 679 974 in
696 917 1150 991 haosimilitudinequamhabere

248 1009 331 1066 debet
355 1022 418 1061 oum
444 1003 613 1075 hominibus,
640 1005 698 1076 dio,
722 1009 815 1060 utrum
838 1004 1023 1076 ignorantiam
1041 1023 1151 1079 quoque

187 1093 191 1104 ’
211 1097 230 1148 2
248 1095 321 1149 siout
338 1093 406 1147 alias
421 1090 598 1146 ¹infirmitates
615 1097 723 1146 nostras
736 1081 881 1153 habiturus⁸
899 1090 955 1144 sit?
985 1092 1055 1148 Aras.
1076 1091 1150 1156 Quid

247 1179 359 1248 dubitas
382 1178 417 1233 de
439 1176 514 1246 Deo,
545 1183 639 1233 utrum
662 1178 699 1232 sit
721 1177 814 1232 omnia
836 1173 946 1245 ueiens?
980 1177 1048 1231 Bos.
1077 1175 1151 1242 Quia

247 1263 372 1336 quamvis
391 1263 427 1318 sit
444 1263 605 1318 immortalis
629 1263 739 1318 iuturus
763 1279 796 1317 ex
821 1261 916 1317 divina
939 1267 1051 1331 natura,
1079 1279 1149 1316 mor·

246 1347 310 1404 talis
328 1353 422 1404 tamen
439 1347 491 1403 erit
515 1366 548 1403 ex
563 1349 691 1403 humana.
727 1349 800 1405 Nam
820 1364 870 1402 eur
885 1363 942 1402 non
960 1345 1085 1403 similiter
1101 1365 1149 1420 po-

191 1483 209 1505 ,,
246 1435 312 1490 terit
330 1432 385 1488 iliis
403 1433 485 1488 homo
509 1449 570 1489 esse
593 1450 658 1488 vere
685 1433 830 1504 ignorans,
856 1430 929 1487 siout
945 1449 1010 1487 vere
1025 1431 1150 1486 mortalis

209 1513 318 1573 fierit?
352 1516 423 1570 Ass.
458 1513 512 1570 Illa
529 1516 647 1571 hominis
667 1517 797 1572 assumtio
815 1516 845 1570 in
862 1515 996 1571 unitatem
1015 1531 1150 1587 personae

245 1601 300 1657 Dei
317 1617 373 1655 non
390 1600 444 1655 nisi
468 1601 606 1672 sapienter
631 1617 649 1656 a
674 1617 781 1656 summa
800 1600 937 1673 sapientia
953 1599 1015 1668 iist3
1040 1604 1069 1654 et
1086 1598 1149 1653 ideo

243 1695 302 1742 'non
327 1691 449 1741 assumet
479 1686 509 1740 in
538 1685 663 1756 homine,
693 1687 767 1758 quod
795 1685 873 1741 nullo
898 1684 979 1740 modo
999 1683 1069 1740 utile
1099 1683 1149 1740 sed

196 1825 200 1836 ,
243 1771 327 1828 valde
350 1771 462 1826 noxium
485 1778 527 1827 est
551 1773 588 1826 ad
615 1789 697 1843 opus,
725 1770 800 1844 quod
823 1770 897 1826 idem
919 1769 1001 1825 homo
1024 1768 1149 1824 facturus

209 1857 229 1908 4
245 1864 294 1913 est
329 1855 492 1928 Ignorantia
504 1873 635 1929 namque
661 1858 697 1912 ad
720 1855 843 1924 nihilum
856 1855 897 1909 illi
914 1855 991 1910 utilis
1010 1861 1082 1911 esset
1098 1853 1149 1910 sed

245 1945 281 1999 ad
299 1943 386 1998 multa
403 1941 500 2011 noxia;
523 1942 661 2013 quomodo
687 1941 760 1997 enim
777 1947 819 1996 tot
835 1947 864 1995 et
880 1945 959 1996 tanta
976 1958 1059 2012 opera
1077 1955 1150 2012 quae
1209 1965 1213 1974 r
1304 1955 1305 1962 ¹

243 2028 368 2084 facturus
386 2032 436 2095 est,
455 2025 540 2081 faeiat
557 2027 617 2082 sine
637 2042 744 2081 summa
762 2025 918 2097 sapientia?
944 2033 994 2081 aut
1010 2026 1148 2098 quomodo

206 2111 286 2167 tilii
302 2113 426 2167 homines
445 2111 579 2181 eradent,
599 2111 622 2165 si
644 2129 706 2166 eum
724 2112 811 2167 soient
828 2111 971 2171 nescium?
1007 2111 1036 2169 si
1055 2118 1171 2166 autem

243 2195 382 2266 nescient,
406 2196 443 2250 ad
462 2195 530 2266 quid
548 2195 599 2252 erit
617 2195 643 2252 ei
656 2195 741 2252 'utilis
759 2197 917 2269 ignorantia
933 2197 1001 2254 illa?
1035 2195 1145 2254 Deinde

244 2282 268 2336 si
290 2281 360 2336 nihil
385 2287 493 2337 amatur
516 2282 570 2336 nisi
595 2284 670 2354 quod
693 2285 884 2356 cognoscitur3
909 2282 981 2338 sieut
1002 2283 1069 2338 nihil
1095 2283 1150 2338 erit

242 2367 310 2425 boni
327 2367 402 2440 quod
420 2384 475 2422 non
493 2375 574 2439 amet,
596 2369 637 2424 ita
655 2369 763 2423 nullum
784 2369 885 2424 bonum
908 2367 961 2424 erit
977 2368 1051 2441 quod
1069 2368 1147 2442 igno·

209 2454 292 2508 drot
327 2453 436 2507 Bonum
461 2460 554 2510 autem
578 2470 668 2529 nemo
680 2453 802 2529 perfecte
825 2452 902 2508 novit
926 2452 980 2508 nisi
1006 2453 1054 2525 qui
1076 2447 1146 2509 illud

243 2554 261 2592 a
285 2538 357 2592 malo
381 2538 435 2592 seit
457 2539 624 2606 discerner03
652 2539 854 2610 huncquoque
875 2538 1067 2596 discretionem
1086 2539 1146 2594 nul·

207 2621 286 2676 'Ilus
315 2621 368 2676 seit
395 2621 501 2693 faeere,
535 2624 583 2694 qui
609 2625 714 2679 malum
742 2623 858 2695 ignorat.
894 2622 971 2679 Siout
994 2619 1080 2698 igitur
1098 2615 1147 2680 ilie

243 2708 279 2762 de
298 2724 353 2778 quo
372 2707 523 2778 loquimur,
548 2726 628 2766 omne
652 2709 773 2781 perfecte
797 2710 865 2765 soiet
888 2709 1005 2782 bonum,
1029 2711 1068 2766 ita
1085 2709 1148 2765 nul·

241 2794 299 2848 lum
319 2792 457 2864 ignorabit
474 2793 583 2847 malum.
618 2793 734 2850 Omnem
761 2795 847 2866 igitur
862 2794 976 2852 habebit
993 2795 1144 2866 seientiam,

242 2877 367 2950 quamvis
388 2881 459 2932 ‘eam
489 2877 601 2950 publice
631 2879 661 2933 in
691 2879 832 2934 hominum
858 2881 1063 2936 conversatione
1089 2899 1146 2936 non

206 2967 224 3020 8
242 2964 377 3020 ostendat
412 2966 481 3020 Bos.
510 2963 572 3020 Hoe
590 2965 619 3019 in
638 2964 739 3020 maiori
757 2970 848 3020 astate
867 2963 907 3018 ita
924 2966 1046 3035 videtur,
1072 2964 1144 3020 sieut

242 3050 325 3120 dieis3
343 3049 392 3106 sed
409 3050 439 3104 in
455 3049 586 3119 infantia,
610 3050 683 3104 sieut
704 3066 760 3104 non
788 3047 840 3103 erit
858 3053 972 3122 ,tompus
992 3067 1144 3122 congruum
1193 3079 1195 3084 .

241 3136 319 3190 utin
335 3133 383 3190 ilio
402 3142 536 3207 appareat
560 3135 711 3212 sapientia⁴
735 3133 775 3190 ita
797 3151 853 3189 non
878 3135 930 3192 erit
948 3153 1017 3207 opus
1036 3142 1064 3191 et
1080 3136 1144 3208 ideo

154 3223 163 3229 '
205 3225 292 3276 tneo
310 3237 461 3290 congruum
478 3227 510 3275 nt
528 3221 604 3274 illam
621 3221 731 3276 habeat.
766 3221 836 3274 Ans.
864 3219 963 3286 Nonne
983 3222 1053 3293 dixi,
1076 3221 1143 3293 quia

240 3304 378 3373 sapienter
403 3304 453 3360 fiet
476 3306 525 3359 illa
548 3303 721 3362 incarnatio?
756 3295 902 3376 Sapienter
922 3324 1042 3379 namque
1067 3323 1143 3360 assu·
1203 3343 1205 3350 ·

238 3395 296 3445 met
311 3388 389 3444 Deus
405 3383 616 3458 mortalitatem,
635 3407 690 3461 qua
710 3389 861 3464 sapienter,
883 3391 949 3464 quia
966 3389 1049 3448 valde
1065 3389 1139 3446 utili·
