2638 3818
302 385 303 392 q
392 322 474 416 ³GUR
492 318 887 383 pessimantes.
1053 321 1096 388 75
1192 379 1196 386 ,

188 498 340 552 humanum
365 509 455 568 genus
481 501 509 551 et
534 511 567 550 ea
590 508 662 567 quae
678 491 745 550 iecit
759 498 875 567 ,propser
891 505 972 545 usum
992 505 1095 561 eorum,
1148 501 1151 508 ·

190 578 343 654 dequibus
361 594 482 652 superna
505 581 601 636 civitas
626 579 796 651 perficienda
812 583 868 648 cst,
893 577 973 648 quasi
991 573 1096 630 frustra

190 667 319 724 extitisse.
361 667 435 726 Nam
459 667 635 738 aliquatenus
663 665 692 720 in
720 681 823 720 vanum
846 681 906 721 esse
928 664 1096 733 viderentur,
1113 671 1148 721 24

190 753 324 823 quamdiu
343 771 399 810 non
418 753 454 807 ad
473 753 525 808 hoc
547 759 661 825 propter
683 751 758 823 quod
777 747 895 805 maxime
910 750 986 804 facta
1005 753 1097 804 essent

149 881 154 890 ,
188 838 348 894 viderentur
372 839 529 896 subsistere.
571 839 639 892 Bos.
675 835 846 909 Congruenti
871 835 980 890 ratione
998 841 1027 892 et
1049 835 1096 890 cui
1114 841 1147 892 25

190 919 259 978 nihil
279 939 434 996 repugnare
449 923 561 979 videtur
584 928 736 992 monstres,
760 921 868 976 nullum
885 938 1009 993 unquam
1027 925 1096 976 tem·

189 1025 244 1080 pus
262 1007 348 1064 fuisse
370 1023 403 1064 ex
420 1024 475 1083 quo
501 1009 593 1064 factus
619 1008 767 1064 esthemo
792 1002 898 1076 absque
917 1005 1022 1077 aliquo,
1048 1003 1096 1076 qul

105 1108 107 1112 ·
191 1094 229 1148 ad
255 1108 316 1149 eam
344 1095 493 1165 pertineret
522 1092 592 1164 (sine
623 1109 678 1164 qua
702 1093 795 1147 factus
819 1097 893 1146 esset
915 1105 987 1146 vane
1009 1089 1096 1146 omnis

191 1178 284 1242 homo)
313 1181 580 1247 'reconciliationem
617 1179 691 1249 quod
726 1195 783 1232 non
813 1177 903 1233 solum
931 1177 1096 1233 conveniens
1187 1239 1188 1246 ἵ

193 1263 243 1317 sed
270 1263 354 1319 etiam
381 1265 567 1322 necessarium
600 1281 660 1320 esse
685 1278 831 1335 possumus
859 1261 1031 1318 concludere.
1068 1255 1148 1318 81²6

99 1373 102 1386 ·
191 1348 263 1404 enim
289 1351 495 1408 convenientius
522 1355 550 1406 et
573 1349 766 1405 rationabilius
794 1355 836 1405 est
858 1349 912 1402 hoc
937 1363 1021 1419 quam
1048 1347 1098 1402 ali-

192 1435 303 1504 quando
327 1436 434 1491 nullum
460 1437 559 1507 fuisse,
583 1437 617 1492 de
643 1453 698 1508 quo
722 1436 839 1491 intentio
854 1433 911 1490 'Dei
937 1448 993 1504 qua
1011 1430 1097 1488 homi-

191 1535 255 1574 nem
270 1517 339 1575 iecit
357 1521 548 1592 perficeretur,
572 1539 624 1578 nec
642 1523 684 1597 est
702 1521 808 1592 aliquid
826 1519 901 1592 quod
918 1517 983 1573 huic
1004 1517 1099 1572 obviet

191 1605 308 1675 rationi3
330 1621 444 1662 necesse
467 1613 510 1664 est
532 1623 642 1679 semper
667 1607 788 1678 aliquem
810 1604 846 1659 ad
864 1604 1037 1676 praedictam
1055 1617 1098 1656 re·

191 1691 410 1747 conciliationem
428 1691 723 1768 pertinentem-fuisse.
753 1691 837 1750 Unde
854 1690 946 1746 Adam
966 1695 995 1744 et
1009 1689 1098 1742 Evam
1116 1690 1149 1740 27

192 1775 228 1829 ad
251 1775 327 1832 illam
350 1770 518 1848 pertinuisse
545 1778 743 1834 redemtionem
768 1776 952 1832 dubitandum
974 1789 1030 1828 non
1048 1775 1098 1840 est,

191 1863 317 1932 quamvis
340 1863 394 1917 hoc
418 1864 570 1920 auctoritas
598 1864 693 1920 divina
712 1870 807 1935 aperte
824 1880 880 1917 non
894 1858 1066 1931 pronunciet.
1076 1861 1097 1920 ¹)

192 1947 261 2002 Ans.
279 1947 448 2005 incredibile
471 1967 581 2022 qnoque
599 1951 722 2019 videtur,
752 1949 864 2022 quando
881 1945 959 2001 Deus
977 1943 1040 1998 illos
1058 1941 1098 1998 ie·
1115 1947 1149 2001 28

193 2031 231 2088 cit
255 2039 283 2089 et
304 2034 450 2104 proposuit
468 2033 678 2093 immutabiliter
703 2035 795 2092 facere
815 2035 849 2090 de
866 2027 923 2088 illis
938 2041 1032 2084 omnes
1050 2027 1098 2083 ho·

194 2117 288 2188 mines,
308 2134 376 2190 quos
393 2119 431 2174 ad
442 2119 590 2176 coelestem
602 2121 743 2179 civitatem
754 2125 926 2176 assumturus
938 2123 1006 2186 erat,
1024 2117 1098 2189 quod

191 2201 253 2259 illos
274 2204 343 2259 duos
364 2205 401 2259 ab
424 2204 477 2262 hoc
503 2207 649 2263 excluserit
666 2209 816 2280 proposito.
853 2209 922 2261 Bos.
960 2205 1020 2259 Imo
1037 2200 1099 2258 illos
1116 2208 1149 2260 29

194 2290 310 2345 maxime
328 2290 365 2344 ad
382 2290 435 2346 hoc
455 2291 556 2348 secisse
574 2293 650 2348 credi
665 2294 755 2364 debet,
774 2300 806 2348 ut
817 2299 909 2348 essent
921 2291 955 2346 de
966 2287 1022 2344 illis
1036 2305 1100 2360 pro·

194 2381 256 2444 pter
275 2393 344 2448 quos
361 2375 429 2431 facti
444 2382 518 2432 sunt.
552 2379 622 2434 Aua.
655 2379 732 2434 Bene
754 2377 920 2434 consideras.
954 2373 1041 2431 Nulla
1057 2379 1098 2428 ta·
1116 2380 1149 2432 30

194 2475 259 2517 men
285 2462 378 2517 anima
406 2467 471 2518 ante
495 2471 611 2520 mortem
639 2463 741 2520 Christi
768 2463 929 2534 paradisum
951 2460 1099 2516 coelestem

194 2544 303 2618 ingredi
324 2535 428 2618 potuit,
457 2546 529 2603 sicut
551 2567 636 2621 supra
658 2550 715 2604 dixi
734 2551 769 2606 de
785 2549 859 2623 regis
876 2547 992 2620 palatio.
1030 2549 1098 2604 Bos.
1116 2552 1147 2603 31
1220 2546 1222 2556 '

195 2629 241 2687 sic
257 2639 390 2691 tenemus.
425 2634 494 2688 Ans.
522 2631 612 2707 Virgo
631 2644 724 2692 autem
741 2635 802 2705 illa,
825 2635 936 2707 de‘qua
953 2635 1001 2690 ille
1016 2635 1098 2689 homo
1165 2707 1166 2711 Ἰ

194 2715 332 2773 assumtus
349 2726 392 2775 est
409 2716 444 2774 de
464 2734 519 2792 quo
536 2721 683 2793 loquimur,
701 2721 755 2778 fuit
774 2723 809 2778 de
827 2721 881 2776 illis
900 2721 948 2794 qui
967 2725 1032 2776 ante
1050 2735 1098 2773 na-

194 2801 331 2858 tivitatem
357 2803 416 2861 elus
441 2823 570 2877 pereum
593 2808 720 2864 mundati
740 2814 805 2864 sunt
822 2825 840 2864 a
855 2806 995 2882 peccatis,
1022 2809 1051 2860 et
1070 2803 1099 2858 in

194 2887 254 2943 eius
273 2889 335 2960 ipsa
348 2891 484 2946 munditia
507 2889 542 2947 da
564 2891 614 2947 illa
639 2899 777 2949 assumtus
795 2901 844 2950 est.
883 2894 950 2947 Bos.
971 2879 1099 2944 Placeret
1114 2889 1150 2940 32

194 2973 263 3028 mihi
275 2973 399 3031 multum
416 2977 492 3050 quod
510 2967 579 3032 dieis
598 2978 660 3046 nisi,
678 2995 741 3032 cum
760 2977 939 3048 ipsedcbcst
960 2991 977 3029 a
996 2973 1099 3046 seipso

131 3093 132 3098 κ
193 3058 298 3118 babere
325 3062 490 3121 munditiam
521 3081 539 3118 a
567 3070 700 3134 peccato,
728 3062 838 3121 ridetur
866 3078 927 3118 eam
954 3059 1057 3116 habere
1083 3076 1101 3114 a

267 3209 292 3314 i)
315 3251 430 3306 Irenaeo
457 3252 529 3322 (adv.
551 3251 626 3306 haer.
649 3249 677 3320 i,
703 3253 757 3316 ³0.)
771 3254 851 3306 'testa
875 3248 1011 3304 Tatianus
1035 3259 1102 3317 apo-

184 3318 290 3390 »logsta
329 3320 556 3389 interpretatione
576 3319 631 3374 loci
651 3315 765 3375 Paulini
789 3318 1018 3387 l.‘Cur.‘15‚22.
1037 3333 1101 3370 con·

194 3394 269 3444 torta
290 3359 433 3458 deceptus,
449 3389 556 3460 primus
573 3388 657 3444 saluti
674 3387 841 3444 senensis
857 3385 1030 3458 prospitsd.
