2638 3818
238 287 263 354 4
426 285 455 342 S.
473 285 644 344 ausam
662 285 970 346 conmeantum

239 457 341 512 sitam
359 455 488 512 decoram
510 454 654 510 materiam
669 454 791 512 incomtc
810 461 839 512 et
855 455 1038 513 contemttili
1057 457 1146 513 dicta·

206 541 314 598 emme
339 558 454 600 emere
478 556 632 613 praesumo.
667 542 736 597 Bor.
767 542 828 599 Nec
853 542 907 598 hoc
935 548 965 598 te
992 542 1077 598 debet
1103 559 1147 599 re·

238 627 361 698 mahom,
390 627 458 699 quia
482 627 557 682 sicut
580 631 613 681 tu
637 626 788 696 permittis,
814 633 847 682 ut
871 628 921 700 qui
937 633 1030 700 potest
1045 628 1146 684 melius

239 713 325 781 dicat,
349 713 390 767 sic
413 712 485 768 nulli
508 711 686 783 praestituis,
709 713 742 763 ut
764 711 811 764 cui
829 711 969 770 dictamen
992 719 1073 769 tuum
1088 731 1147 769 non

238 799 345 871 placet,
367 797 511 868 pulchrius
535 816 592 854 non
614 796 733 864 scribat3
758 811 854 852 vuum
870 804 904 854 ut
920 816 1015 855 omnes
1033 815 1148 856 excusa-

237 884 327 940 tiones
345 888 408 937 tuas
428 882 588 947 excludam,
615 879 691 951 quod
718 881 830 952 postulo
853 900 910 938 non
934 885 1022 941 facies
1046 883 1146 952 doctis,

206 979 222 1031 9
239 970 289 1026 sed
307 967 376 1022 mihi
401 973 430 1022 et
452 964 505 1022 hoc
528 966 621 1036 ipsum
642 981 751 1020 meeum
766 967 933 1037 petentibua
967 970 1037 1026 Ans.
1072 969 1148 1033 Quo·

238 1053 315 1114 niam
343 1051 426 1107 video
450 1051 687 1122 importunitatem
713 1058 791 1108 tuam
815 1059 844 1109 et
867 1053 993 1125 illorum,
1021 1055 1070 1127 qui
1090 1057 1146 1112 hoc

237 1144 331 1194 tecum
349 1155 383 1193 ex
406 1135 542 1193 chauces
563 1144 593 1193 et
613 1138 745 1210 religioso
771 1139 864 1195 studio
890 1146 1003 1212 petunt,
1030 1141 1146 1199 tentabo

237 1239 289 1294 pro
311 1238 375 1277 mea
397 1221 583 1293 possibilitate
608 1223 681 1282 (Deo
703 1225 854 1280 adiuvante
876 1232 905 1281 et
927 1227 1027 1281 vestris
1045 1226 1147 1282 oratio-

236 1307 332 1379 nibus,
357 1323 428 1380 quas
447 1307 500 1363 hoc
522 1309 695 1378 postulantes
720 1325 805 1380 seepe
828 1310 896 1364 mihi
914 1311 1020 1383 petenti
1038 1312 1147 1367 adhoc

236 1395 328 1467 ipsum
357 1391 534 1464 promisistis)
558 1393 634 1465 quod
662 1393 795 1466 quaeritis
822 1411 879 1450 non
906 1402 964 1450 tam
992 1397 1146 1465 offendere,

237 1495 322 1552 quam
346 1483 440 1534 tecum
467 1494 613 1548 quaerere;
639 1479 689 1534 sed
713 1496 747 1535 eo
769 1486 866 1550 pacto,
889 1497 944 1552 quo
960 1480 1055 1536 omnia
1073 1497 1149 1552 quae

237 1563 300 1619 dico
319 1564 411 1637 accipi
428 1563 507 1619 volo:
531 1563 670 1635 videlicet,
687 1569 720 1618 ut
737 1564 761 1618 si
778 1565 847 1636 quid
866 1565 975 1636 dixero,
995 1565 1070 1638 quod
1088 1581 1147 1620 me-

237 1649 280 1708 ior
298 1667 355 1706 non
374 1647 519 1706 confirmet
542 1649 688 1720 autoritas,
714 1650 840 1722 quamvis
863 1650 933 1706 illud
955 1651 1063 1708 ratione
1082 1669 1146 1723 pro-

238 1739 307 1796 bare
332 1738 441 1809 videar,
468 1753 527 1791 non
550 1735 606 1790 alia
627 1735 795 1791 certitudine
817 1737 983 1808 accipiatur,
1008 1738 1063 1791 nisi
1080 1737 1147 1809 quia

236 1823 347 1880 mterim
373 1823 441 1878 mihi
465 1823 507 1879 ita
535 1821 691 1890 videtur,¹)
718 1821 807 1878 donec
831 1821 909 1877 Deus
932 1822 1030 1877 melius
1051 1823 1146 1894 aliquo

188 1915 219 1966 10
237 1909 319 1965 modo
341 1911 454 1966 revelet.
489 1906 571 1973 Quod
598 1907 622 1962 si
648 1907 825 1978 aliquatenus
844 1908 1001 1980 quaestioni
1018 1912 1083 1964 tuae
1102 1927 1145 1964 sa-

236 1995 366 2052 tisfacere
388 2001 498 2070 potero,
525 2000 632 2050 certum
657 2009 718 2048 csse
743 1991 871 2063 debebit,
898 1993 965 2064 quia
985 1999 1015 2048 et
1035 1995 1145 2065 sapien·

236 2081 291 2136 tior
324 2099 370 2135 me
407 2079 518 2151 plenius
555 2078 609 2133 hoo
639 2076 733 2132 facere
761 2078 879 2148 poterit3
912 2078 968 2133 imo
999 2079 1150 2135 sciendum·

238 2168 292 2228 est,
321 2162 458 2234 quidquid
481 2161 565 2217 homo
587 2161 652 2216 inde
677 2162 770 2218 dicere
787 2163 832 2217 vel
852 2163 923 2218 seire
940 2164 1040 2235 possit,
1065 2165 1145 2220 altio·

186 2251 216 2305 11
236 2251 396 2305 restantes
413 2247 454 2303 rei
470 2247 562 2302 adhuc
578 2248 666 2304 latere
682 2247 813 2304 rationes.
841 2239 910 2304 Bos.
928 2247 1029 2304 Patere
1048 2249 1144 2321 igitur,

237 2339 270 2389 ut
292 2332 385 2389 verbis
410 2336 474 2387 utar
499 2331 668 2402 infidelium
700 2349 821 2405 acquum
846 2334 919 2390 enim
945 2339 1000 2404 est,
1026 2339 1058 2388 ut
1080 2352 1145 2390 cum

237 2424 349 2475 nostrae
364 2418 432 2475 fidei
448 2417 584 2474 rationem
603 2418 747 2473 studemus
766 2418 914 2491 inquirere,
941 2435 1077 2489 ponamus
1094 2419 1146 2473 ob·

236 2504 367 2560 iectiones
393 2519 502 2572 eorum,
529 2502 578 2574 qui
602 2503 762 2559 nullatenus
784 2505 821 2559 ad
842 2504 926 2562 fidem
945 2505 1060 2562 eandem
1085 2504 1147 2559 sine

187 2589 222 2641 12
235 2588 344 2643 ratione
365 2589 462 2645 volunt
482 2589 623 2645 accedere.
660 2587 791 2652 Quamvis
814 2590 888 2644 enim
910 2588 952 2643 illi
975 2589 1039 2645 ideo
1059 2589 1143 2644 ratio·

236 2690 301 2729 nem
323 2679 471 2743 quaerent,
497 2675 563 2744 quia
579 2691 636 2729 uon
650 2676 778 2746 credunt,
800 2692 852 2730 nos
872 2690 950 2744 vero,
974 2673 1041 2744 quia
1057 2673 1145 2730 credi·

236 2771 314 2827 mus3
340 2775 426 2812 unum
448 2758 578 2829 idemque
600 2764 696 2814 tamen
719 2765 762 2814 est
783 2761 858 2831 quod
876 2759 1049 2831 quaerimus,
1074 2757 1145 2814 etsi

235 2843 304 2916 quid
323 2842 511 2915 responderis,
535 2843 581 2899 cui
598 2845 751 2899 auctoritas
770 2844 905 2901 obsistere
924 2846 1030 2911 sacra²)
1047 2844 1143 2898 videa-

305 2985 331 3051 1)
354 2979 410 3035 etr.
428 2979 627 3048 Monolopium
646 2997 668 3035 c.
691 2986 720 3036 1:
747 2981 800 3050 „In
818 2995 874 3050 quo
897 2977 1013 3049 siquid
1037 2979 1141 3048 dixero,

234 3050 310 3126 quod
336 3048 424 3105 maior
449 3066 506 3104 non
529 3054 664 3104 monstret
692 3050 858 3118 auctoritas,
884 3049 925 3103 sic
949 3047 1012 3103 volo
1041 3048 1141 3130 accipi²

221 3123 266 3174 ‘ut
289 3119 416 3190 quamvis
437 3135 471 3174 ex
494 3118 651 3171 rationibus
675 3116 838 3190 quaemihi
856 3116 1035 3186 videbuntur,
1061 3120 1152 3192 quasis

233 3187 420 3244 necessarium
436 3186 630 3256 concludatur,
653 3204 709 3242 non
728 3188 761 3241 ot
779 3187 830 3240 hoc
849 3191 943 3240 tamen
961 3187 1073 3241 omuino
1092 3195 1141 3239 nc-

234 3256 393 3324 cessarium,
417 3257 467 3312 sed
484 3261 593 3312 tantum
610 3255 651 3310 sic
670 3256 782 3310 iuterim
798 3253 886 3310 videri
926 3272 987 3311 osse
1006 3252 1140 3308 dicatur.“

303 3327 331 3392 2)
348 3324 498 3395 Reperitur
513 3325 584 3382 haec
600 3323 683 3380 lectio
699 3323 730 3378 iu
747 3323 875 3379 omnibus
916 3323 1050 3379 odicibus.
1080 3347 1083 3352 ·
