2638 3818
555 345 760 422 clemona:
1011 411 1012 418 ,
1091 352 1143 402 ¹¹¹

196 523 223 591 a*
247 520 338 602 Quod
355 551 419 590 cum
448 551 563 620 corpore
589 535 619 590 iu
646 551 701 606 quo
727 533 798 590 vivit
827 533 859 587 in·
882 529 934 586 liae
960 533 1033 601 vite}
1059 529 1141 586 homo

249 625 383 694 resurget

198 732 221 783 l.
249 723 330 790 Quod
349 723 384 779 de
402 723 523 779 humana
540 732 640 780 natura
658 723 878 796 perficietDsus
897 719 972 794 quod
989 719 1103 790 incepit.-

199 836 223 886 5.
249 827 331 894 Quod
357 827 485 899 ‘quamvis
511 827 563 883 hoo
588 844 702 884 necesse
730 827 766 884 sit
787 827 862 897 fieri,
887 831 981 882 tamen
997 822 1141 878 'hoc‘non

224 948 227 954 ·
248 914 334 972 faciet
358 920 472 985 cogente
493 913 673 985 necessitate,
698 919 727 970 et
749 928 825 985 qnae*
844 913 881 969 sit
903 910 1053 968 naseuntur
1069 923 1141 981 ques

251 999 343 1056 aufert
360 1000 478 1072 gratiam
497 1007 546 1056 aut
562 1001 670 1070 minuit,
688 1009 805 1072 atquae
822 999 972 1057 necmsitss
990 1001 1100 1069 augeat.
1202 1059 1206 1063 ¹

200 1111 225 1162 t.
250 1102 333 1168 Quod
349 1102 563 1159 satisfactionem
582 1120 632 1174 per
646 1121 730 1175 quam
741 1105 865 1160 salvatio·
876 1103 967 1173 homo,
979 1117 1043 1158 non
1054 1098 1144 1174 possit

251 1189 342 1245 facere
359 1189 413 1244 nisi
429 1188 508 1244 Deus
526 1189 616 1244 homo.

200 1301 223 1350 7.
249 1291 329 1358 Quod
353 1309 467 1348 necesse
491 1293 529 1347 sit
552 1293 670 1349 eundem
694 1295 785 1367 ipsum
804 1309 864 1348 esse
879 1290 1034 1364 perfectum
1050 1289 1142 1346 Deum

199 1415 207 1424 ,
251 1385 278 1434 et
294 1378 448 1450 perfeetum
466 1379 614 1434 hominem.

200 1472 227 1538 8ζ
248 1481 328 1547 Quod
347 1500 380 1537 ex
396 1498 497 1553 genere
515 1482 596 1538 Adae
614 1490 642 1539 et
658 1483 693 1539 de
704 1483 822 1554 Virgine
838 1483 942 1539 femina
955 1483 1046 1538 Mum
1063 1498 1142 1552 opor-

248 1574 307 1624 teat
323 1584 462 1624 assumere
479 1569 624 1626 homiuem

198 1678 222 1729 9.
249 1671 331 1737 Quod
349 1687 462 1727 necesse
483 1672 519 1727 sit
535 1673 658 1728 Verbum
683 1673 771 1729 solum
794 1678 824 1728 et
845 1673 983 1728 hominem
1007 1672 1036 1727 in
1058 1689 1143 1727 unam

251 1756 398 1814 convenire
415 1775 569 1828 personam.

184 1868 223 1918 10.
240 1860 333 1926 ‘Quod
353 1861 426 1917 idem
448 1861 530 1918 homo
550 1880 606 1919 non
624 1880 656 1918 ex
674 1861 769 1917 debito
790 1861 936 1931 moriatur,
962 1867 990 1917 et
1006 1861 1144 1933 quomodo

251 1947 340 2020 possit
360 1947 403 2002 val
422 1966 478 2003 non
504 1949 593 2019 possit
616 1966 745 2020 peccare,
769 1955 797 2003 et
819 1965 869 2002 eur
890 1946 937 2001 ille
960 1947 1004 2002 vel
1027 1946 1145 2018 angelus

151 2091 155 2096 ,
253 2033 356 2090 desua
374 2034 481 2090 iustitia
497 2034 654 2090 laudandus
674 2036 805 2118 sit‚cum
822 2051 938 2106 peccare
956 2051 1012 2090 non
1030 2035 1145 2106 possint
1163 2030 1165 2036 ’
1226 2101 1228 2106 Ι

186 2141 224 2194 lt.
254 2137 336 2204 Quod
353 2137 484 2205 moriatur
502 2156 536 2194 ex
555 2157 607 2194 sua
622 2144 807 2211 potestateet
821 2134 899 2212 'quod
919 2139 1072 2194 mortalitas
1090 2156 1145 2194 non

251 2223 390 2295 pertineat
408 2223 443 2277 ad
462 2243 560 2296 puram
579 2225 697 2282 hominis
715 2233 851 2281 naturam.

185 2333 223 2385 12.
251 2325 334 2394 Quod
360 2327 484 2399 quamvis
508 2328 744 2385 incommodorum
772 2335 928 2396 nostrerum
943 2317 1083 2402 particeps
1101 2330 1145 2400 sit,

252 2413 336 2470 miser
352 2419 446 2470 tamen
462 2417 579 2474 nonsit.
691 2439 694 2442 ·
1111 2417 1112 2420 ’

160 2587 162 2590 Ι
189 2520 227 2570 13.
252 2516 333 2583 Quod
356 2535 420 2574 cum
443 2517 505 2574 aliis
527 2519 735 2576 infirmitatibus
761 2519 861 2575 nostris
886 2519 1071 2591 ignorantiam
1088 2537 1145 2578 non
1178 2543 1189 2570 x

252 2603 363 2661 habeat.
1145 2660 1149 2668 Ι

187 2692 227 2744 14.
251 2689 394 2755 Quomodo
417 2709 490 2748 mors
513 2692 572 2748 eius
599 2693 759 2765 praevaleat
775 2711 889 2751 numero
909 2700 937 2750 et
955 2695 1147 2766 magnitudine

256 2783 432 2846 peccatorum
450 2779 581 2834 omnium.
601 2847 604 2856 ι

189 2868 228 2918 15.
256 2861 399 2927 Quomodo
422 2867 515 2922 deleat
537 2883 610 2920 mors
634 2867 731 2922 eadem
755 2866 837 2922 etiarn
860 2873 978 2939 peccata
996 2887 1058 2925 eum
1076 2871 1148 2942 peri-

256 2952 396 3008 mentium

190 3043 240 3094 16·.
250 3035 375 3101 Qualiter
395 3040 473 3096 Deus
497 3040 532 3095 de
558 3055 649 3094 massa
673 3040 828 3110 peccatrice
856 3039 987 3096 assumsit
1009 3040 1170 3099 hominemv

254 3123 315 3178 sine
331 3134 453 3197 peccato,
471 3132 501 3182 et
518 3126 552 3180 de
570 3125 722 3182 salvatione
738 3126 819 3182 Adae
837 3133 865 3184 et
877 3125 962 3182 Evae.

189 3211 242 3268 16⁸.
254 3210 398 3276 Quomodo
420 3230 475 3268 non
498 3212 663 3269 necessitate
687 3220 812 3269 mortuus
836 3219 893 3284 est,
915 3213 964 3284 qui
982 3231 1038 3270 non
1056 3215 1148 3288 potuit

257 3315 318 3354 esse
336 3296 389 3352 nisi
406 3298 472 3368 quis
489 3306 548 3354 erat
565 3299 721 3355 moriturus.

189 3391 227 3442 17.
253 3383 333 3452 Quod
350 3383 380 3438 in
399 3383 460 3438 Deo
477 3387 594 3441 nonsit
620 3386 769 3442 necessitas
797 3385 841 3442 vel
867 3385 1091 3458 impossibilitas,
1119 3393 1147 3444 et

255 3471 323 3543 quid
342 3470 379 3526 sit
395 3468 545 3525 necessitas
565 3487 669 3544 cogens
688 3476 716 3527 et
733 3472 883 3529 necessitas
899 3489 956 3529 non
975 3485 1085 3542 cogens.
