2638 3818
248 309 291 376 22
431 306 459 364 S.
476 305 648 364 ANSELMI
665 299 973 366 detrudamus

249 477 385 534 rationem
410 477 488 552 sequi
512 477 721 549 proposuimus,
745 477 872 550 quamvis
889 476 1095 548 aliquantulum
1114 467 1161 534 rue

249 567 363 636 terrens,
380 565 451 620 nihil
463 563 554 620 habeo
572 563 648 635 quod
665 561 768 633 pdssim
785 563 878 620 dicere
895 569 1000 620 contra.

220 812 232 863 l
294 797 296 800 Ι
331 786 400 872 12·
448 818 520 875 Am.
541 817 699 874 Redeamus
718 817 915 889 evitemus,
932 819 1159 875 utrumsolami·

252 903 411 960 scenordia,
428 903 487 958 sine
510 902 586 958 omui
608 903 745 958 solutione
769 903 857 958 ablati
879 904 938 960 sibi
962 905 1090 976 honoris,
1113 908 1160 962 de

252 995 314 1046 eeat
330 989 423 1046 Deum
441 994 557 1060 peecata
573 988 720 1046 dimittere.
756 992 825 1044 Boe.
854 989 919 1046 Non
936 991 1017 1048 video
1036 1009 1087 1046 cur
1102 1010 1161 1048 nou

218 1075 358 1130 rdeeeet
392 1075 463 1128 Aac.
497 1074 544 1131 Sic
569 1074 709 1132 dimittere
738 1079 899 1146 peecatum,
928 1093 986 1132 non
1013 1083 1055 1133 est
1081 1077 1161 1132 aliud

253 1175 337 1230 quem
360 1177 416 1216 non
440 1160 552 1231 punire
578 1165 606 1216 et
625 1160 756 1231 quoniam
772 1167 849 1216 reete
866 1161 994 1218 ordinare
1012 1168 1159 1234 peccatum

251 1243 313 1301 siue
336 1245 524 1301 satisfactione
546 1261 603 1300 non
628 1249 671 1298 eet
696 1245 760 1300 uisi
773 1248 888 1317 punire,
917 1245 942 1300 si
963 1263 1020 1301 nou
1035 1247 1159 1318 punitur,

251 1331 439 1388 inordinatim
458 1330 614 1387 dimittitur.
649 1331 719 1385 Bor.
754 1331 932 1390 Rationabile
959 1333 1097 1404 estquod
1118 1333 1159 1386 di·

219 1418 300 1472 3cis.
335 1419 405 1472 Arre.
439 1416 533 1472 Deum
555 1431 620 1470 vero
644 1433 700 1470 non
723 1416 803 1471 decet
828 1417 934 1488 aliquid
956 1417 986 1472 in
1004 1435 1055 1473 suo
1071 1435 1159 1490 reguo

251 1503 441 1558 inordinatum
464 1500 610 1556 dimittere.
646 1502 715 1556 Boe.
734 1502 764 1558 Si
781 1501 859 1556 aliud
874 1503 939 1557 volo
955 1503 1055 1573 dicere,
1075 1503 1159 1559 timeo

218 1593 377 1658 tpeceare.
420 1586 490 1640 Ans.
525 1585 617 1658 Igitur
642 1602 699 1640 non
725 1587 806 1642 decet
830 1586 923 1643 Deum
946 1596 1093 1659 peccatum
1119 1589 1160 1644 sie

219 1671 418 1743 timpunitum
437 1671 583 1730 dimittere.
619 1673 688 1726 Boe.
722 1669 768 1728 Ita
789 1672 922 1743 seqnitur.
956 1674 1026 1727 Arse.
1061 1673 1113 1728 Est
1132 1677 1161 1729 et

251 1758 330 1816 aliud
346 1758 421 1830 quod
444 1757 582 1830 sequitur,
606 1757 630 1811 si
652 1765 799 1828 peceatum
817 1759 858 1812 sic
878 1759 1025 1814 dimittitur
1042 1758 1161 1830 impuni-

139 1865 140 1868 ’
247 1839 324 1915 tum,
353 1843 421 1916 quia
447 1843 575 1900 similiter
601 1843 655 1900 erit
680 1845 757 1915 apud
779 1844 873 1900 Deum
895 1844 1024 1915 peccanti
1050 1850 1079 1901 et
1101 1862 1160 1905 ,uon

251 1929 395 2002 peccanti3
422 1930 498 2003 qnod
519 1930 582 1985 Deo
605 1945 661 1982 uon
682 1927 819 1983 convenit
854 1929 923 1982 Boe.
959 1929 1023 1986 Non
1046 1947 1161 2001 possum

218 2019 363 2088 tnegare.
398 2016 469 2070 Aer.
499 2013 574 2070 Vide
599 2018 627 2066 et
650 2011 712 2066 hoc.
747 2013 887 2070 Iustitiam
914 2013 1055 2070 homiuum
1079 2032 1161 2071 nemo

251 2101 343 2157 nesdt
358 2118 419 2157 esse
436 2099 489 2154 sub
508 2098 580 2168 lege,
596 2101 630 2150 ut
647 2098 800 2153 secundum
818 2099 878 2154 eins
889 2100 1073 2172 quantitatem
1084 2117 1160 2156 meu-

254 2203 320 2241 sura
337 2183 525 2240 retributionis
552 2199 570 2236 a
587 2182 649 2238 Deo
667 2191 901 2254 recompensetur.
936 2187 1005 2240 Bos.
1041 2185 1087 2240 Ita
1103 2202 1161 2241 cre-

220 2270 352 2328 tdimus.
387 2269 456 2324 Ans.
493 2267 522 2323 Si
545 2273 639 2324 autem
659 2275 806 2340 peceatum
832 2287 884 2326 nec
906 2270 1021 2326 solvitur
1037 2287 1091 2326 neo
1109 2288 1161 2342 pu-

253 2354 341 2425 nitur,
366 2355 436 2410 uulli
459 2354 516 2427 legi
535 2353 669 2410 subiacet.
705 2356 773 2412 Bos.
808 2355 872 2412 Non
892 2373 1004 2428 possum
1023 2356 1103 2412 aliter
1119 2357 1161 2411 in·

221 2436 387 2511 ssteuigere.
430 2441 500 2495 Aee.
535 2439 664 2496 Liberior
687 2440 774 2510 igitur
802 2448 845 2498 est
871 2441 1019 2510 iniustitia,
1052 2443 1075 2498 si
1100 2441 1162 2498 sola

253 2524 446 2580 misericordie·
464 2524 628 2595 dimittitur,
652 2541 736 2596 quam
761 2523 884 2595 iustitia,
910 2528 985 2598 qnod
1012 2527 1096 2583 valde
1119 2527 1161 2582 in-

220 2609 422 2664 tcouvenieus
443 2609 563 2664 videtur.
597 2608 645 2662 Ad
667 2608 720 2665 hoc
744 2610 828 2666 etiam
855 2611 1013 2666 extenditur
1030 2611 1100 2668 haec
1120 2612 1161 2666 in·

253 2695 459 2765 convenientia,
485 2701 517 2751 nt
544 2694 709 2750 iniustitiam
734 2696 796 2753 Deo
823 2695 941 2750 similem
966 2695 1067 2765 feciat3
1094 2696 1161 2768 quia

189 2831 191 2836 .
205 2783 236 2834 ¹0
254 2781 326 2838 sicut
335 2781 413 2837 Deus
425 2780 528 2836 nullius
539 2781 597 2852 legi
608 2780 741 2850 subiacet,
761 2781 802 2836 ita
813 2787 841 2836 et
853 2780 996 2837 iniustitia.
1022 2784 1091 2837 Boe.
1106 2783 1160 2838 Ne·

254 2883 325 2939 queo
343 2865 471 2924 resistere
488 2866 589 2922 rationi
606 2871 680 2922 tuae.
716 2866 772 2922 Sed
795 2883 859 2922 oum
875 2865 954 2921 Deur
976 2865 1057 2922 nobis
1082 2883 1161 2939 prae·

253 2950 341 3023 oipiet
357 2951 469 3006 omnino
494 2951 632 3007 dimittere
648 2950 833 3023 peccantibus
852 2950 882 3005 iu
900 2966 966 3020 nos,
989 2951 1101 3008 videtur
1117 2943 1160 3007 re-

252 3053 393 3109 pugnare,
420 3042 455 3092 ut,
477 3035 531 3092 hoc
555 3035 710 3108 praecipiat
734 3035 816 3092 nobie
843 3035 919 3106 quod
949 3034 1040 3107 iprum
1067 3034 1162 3090 facere

204 3120 233 3175 11
252 3137 309 3176 uon
332 3121 420 3177 decet
459 3123 529 3177 Am.
564 3121 651 3180 Nulla
673 3121 704 3176 in
725 3120 779 3176 hoe
805 3126 848 3175 est
870 3121 1068 3193 repugnantia,
1094 3118 1161 3191 quia

253 3205 331 3262 Deus
358 3206 411 3262 hoc
436 3203 574 3277 praecipit
597 3205 693 3272 nobis,
719 3212 752 3261 ut
774 3223 831 3260 nou
852 3222 1061 3277 praesumamus
1085 3204 1162 3275 quod

204 3294 235 3346 12
253 3289 339 3345 solius
356 3291 413 3346 Dei
432 3296 482 3346 est.
519 3290 567 3344 Ad
589 3290 698 3345 nullum
720 3289 793 3345 enim
811 3291 933 3360 pertinet
950 3290 1102 3347 vindictam
1118 3287 1160 3343 fa·

253 3390 331 3443 cere,
350 3373 405 3429 uisi
423 3373 461 3430 ad
477 3373 556 3430 ilium
574 3374 624 3447 qui
642 3373 780 3430 Dominus
797 3382 842 3431 est
858 3378 997 3444 omnium
1014 3391 1080 3429 nam
1097 3390 1161 3428 cum
