2638 3818
227 329 271 395 Μ
407 325 436 384 S.
454 325 626 384 ANSELMI
641 321 953 385 deambularem

197 531 209 581 1
307 497 349 584 3·
400 529 471 586 Ans.
505 527 589 586 Unde
609 533 705 599 aperte
723 527 891 600 quandoque
907 527 1004 584 futura
1020 534 1141 586 mortuo·

215 633 291 672 rum
320 614 486 674 resurrectio
521 612 663 683 probatur.
710 611 820 685 Quippe
847 613 872 668 si
904 613 987 671 homo
1016 613 1141 684 perfecte

230 701 427 758 restaurandus
446 703 495 768 est,
512 697 578 753 talis
600 695 684 754 debet
704 698 821 770 restitui,
841 697 932 770 qualis
949 694 1060 752 futurus
1072 701 1141 766 erat,

195 784 254 844 lsi
276 804 333 842 nou
357 788 510 857 peccasset
545 783 615 837 Bos.
649 781 740 838 Aliter
769 799 830 839 esse
854 799 911 838 non
934 785 1035 854 potest.
1070 784 1141 839 Aac.

230 869 471 939 Quemadm0dum
486 868 574 939 igitur
591 867 616 922 si
632 885 690 922 nou
700 873 846 940 peccasset
858 867 948 938 homo,
968 885 1032 924 eum
1044 865 1142 925 eodem
1215 910 1217 921 .

116 953 121 962 '
231 959 308 1032 quod
337 954 454 1028 gerebat
483 969 599 1024 corpore
626 953 657 1007 in
686 951 976 1023 incorruptibilitatem
1005 959 1142 1008 transmu-

230 1041 334 1098 tandus
354 1043 427 1109 erat,
447 1038 488 1094 ita
505 1043 629 1110 oportet,
646 1045 679 1094 ut
696 1054 760 1093 cum
778 1037 993 1108 restaurabitur,
1011 1052 1074 1094 cum
1090 1052 1142 1093 suo

198 1127 262 1184 3in
291 1141 347 1198 quo
378 1123 447 1180 vivit
475 1123 506 1178 in
534 1123 589 1180 hac
619 1124 680 1179 vita
709 1140 825 1196 corpore
855 1127 1031 1180 restauretur.
1074 1125 1142 1178 Bos.

232 1209 308 1278 Quid
326 1207 571 1282 respondebimus,
597 1208 701 1280 siquis
721 1209 810 1275 dicat,
830 1207 897 1280 quia
916 1208 969 1264 hoo
986 1207 1047 1264 fieri
1064 1223 1143 1280 opor·

234 1303 275 1355 tet
294 1294 329 1352 de
348 1295 404 1351 illis
423 1291 573 1366 inquibus
592 1294 745 1348 humanum
763 1309 851 1368 genus
870 1291 1086 1364 restamabitur,
1108 1294 1143 1350 de

198 1387 217 1438 4
233 1381 359 1454 reprobis
377 1396 443 1437 vero
461 1395 518 1434 uon
541 1384 585 1434 est
608 1379 741 1434 necesse?
775 1379 846 1434 Ace.
880 1377 957 1436 Nihil
974 1377 1075 1435 iustius
1095 1384 1144 1434 aut

234 1465 443 1524 convenientius
469 1463 648 1535 intelligitur,
673 1480 757 1536 quam
773 1471 819 1535 ut,
843 1463 917 1519 sicut
940 1463 1023 1519 homo
1040 1464 1064 1520 si
1082 1481 1143 1536 per-

232 1555 387 1608 seuerasset
409 1551 440 1604 in
462 1547 583 1618 iustitia,
605 1555 679 1604 totus
702 1549 720 1604 i.
740 1567 763 1606 e.
790 1548 883 1604 anima
907 1554 936 1604 et
961 1563 1076 1619 corpore
1099 1565 1144 1604 ae

232 1643 311 1694 terne
327 1635 428 1692 beatus
447 1640 533 1706 esset,
556 1634 597 1689 ita
619 1633 644 1688 si
666 1639 826 1706 perseverat
850 1633 881 1688 in
899 1633 1049 1704 iniustitia,
1068 1637 1143 1690 totus

233 1723 360 1780 similiter
381 1728 493 1778 aeterne
517 1719 603 1776 miser
627 1719 671 1776 sit
707 1719 776 1776 Bos.
811 1717 938 1776 Breviter
958 1719 1026 1776 mihi
1048 1719 1084 1776 de
1100 1719 1144 1776 his

234 1807 402 1866 satisfecisti.

202 1999 215 2052 1
314 1960 357 2050 44
409 1994 479 2048 Aoo.
514 1991 557 2046 Ex
581 1989 625 2045 bis
644 1994 687 2045 est
703 1987 787 2045 fusile
805 2005 985 2064 cognoscere,
1013 1993 1146 2066 quoniam

234 2083 285 2135 aut
300 2077 354 2136 hoc
374 2079 410 2134 de
426 2078 548 2132 humana
573 2079 674 2130 natura
700 2073 826 2147 perficiet
843 2075 922 2133 Deus
941 2076 1016 2148 quod
1033 2077 1146 2150 incepit,

235 2164 334 2220 autin
355 2179 458 2218 vanum
480 2159 547 2217 fecit
568 2165 627 2215 tam
652 2159 798 2217 sublimn
821 2167 951 2218 neumam
975 2163 1013 2218 ad
1036 2167 1147 2218 tautum

201 2251 218 2301 2
235 2250 349 2305 bouum
383 2248 425 2304 At
446 2247 470 2302 si
493 2245 564 2301 nihil
585 2246 733 2316 pretiosius
761 2247 923 2318 agnoscitur
944 2248 1022 2304 Deus
1045 2247 1147 2304 iecisse

237 2346 321 2406 quam
338 2331 502 2390 rationalem
522 2338 652 2387 naturam
676 2331 713 2386 ad
736 2332 916 2403 gaudendum
942 2333 977 2389 de
997 2350 1039 2404 se,
1063 2333 1149 2392 valde

236 2419 359 2476 alienum
378 2423 421 2474 est
438 2417 475 2473 ab
501 2435 546 2488 eo,
572 2424 605 2474 ut
626 2417 714 2472 ullam
740 2415 905 2474 rationalem
923 2423 1051 2474 naturam
1069 2419 1148 2490 peni·

236 2511 283 2558 tus
299 2503 392 2574 perire
408 2502 490 2560 sinat.
525 2504 595 2559 Bos.
631 2503 695 2560 Non
711 2505 805 2572 potest
823 2501 905 2558 aliter
922 2509 1023 2573 putare
1039 2520 1088 2560 cor
1103 2521 1147 2560 ra·

203 2587 349 2644 ttionale.
385 2589 454 2642 Aac.
490 2587 611 2644 Necesse
634 2591 677 2641 est
697 2602 778 2658 ergo,
804 2593 837 2642 ut
854 2587 890 2642 de
908 2587 1031 2644 bumana
1047 2595 1149 2645 natura

237 2670 364 2744 perficiat
383 2671 459 2742 quod
477 2649 597 2743 idcepit3
624 2671 679 2726 hoc
701 2677 796 2727 autem
822 2669 894 2741 fieri,
920 2671 994 2728 sicut
1019 2674 1147 2745 diximus,

236 2757 335 2828 nequit
351 2757 406 2812 nisi
431 2773 483 2828 per
506 2756 644 2829 integram
672 2758 782 2828 peceati
805 2755 1037 2830 satisfactionem,
1063 2776 1148 2831 quam

203 2843 331 2904 trullus
353 2850 484 2916 peccator
506 2841 601 2898 faama
624 2847 725 2914 potest
761 2841 830 2898 Bor.
865 2841 998 2915 Intelligo
1021 2845 1078 2900 iam
1100 2861 1148 2900 ne-

237 2945 315 2985 cesse
339 2945 413 3000 esse,
442 2933 476 2984 ut
499 2927 578 2986 Deus
604 2925 733 2999 perficiat
758 2925 834 2999 quod
863 2925 980 2998 incepit,
1009 2927 1150 2986 realiter

238 3030 323 3087 quam
341 3014 441 3072 deceat
456 3029 475 3070 a
494 3031 545 3070 suo
564 3013 692 3084 incoepto
708 3012 837 3070 rideatur
856 3011 983 3069 deficere.

206 3219 219 3270 1
315 3185 357 3269 50
406 3217 477 3274 Bos.
512 3215 569 3274 Sed
586 3212 611 3271 si
630 3215 671 3271 ita
688 3222 738 3286 est,
763 3214 875 3272 ridetur
893 3217 973 3290 quasi
990 3217 1054 3290 cogi
1070 3211 1149 3274 Deus

238 3295 406 3357 necmsitate
434 3301 543 3356 vitandi
570 3301 771 3370 indecentiam,
808 3307 841 3357 ut
872 3301 991 3359 salutem
1019 3307 1151 3374 procuret

204 3383 396 3442 lbumanuuu
450 3385 595 3454 Quomodo
628 3403 695 3458 ergo
725 3387 823 3460 negari
851 3388 969 3459 poterit,
1003 3382 1068 3458 plus
1096 3387 1150 3443 boc
