2638 3818
153 257 155 272 ¹
228 314 270 385 74
406 309 945 374 s.sussnn10ruuususuus1s

224 483 272 556 qui
289 489 382 540 temen
408 491 451 541 cst
477 483 512 540 dc
535 483 645 538 illorum
668 501 782 556 genere,
804 489 837 539 ut
858 483 951 538 nulius
976 497 1071 539 eorum
1089 482 1131 537 ιι·

225 585 287 626 cere
307 571 396 642 possit
412 571 487 625 unde
503 569 599 625 mortis
617 569 821 626 damnationem
840 569 954 634 evedstt
972 567 1021 622 iiie
1036 573 1133 624 cutm

223 656 271 727 qui
290 655 365 711 solus
383 661 426 710 est
444 656 591 723 innocens,
614 659 722 710 unum
739 655 815 726 cpud
832 669 927 726 regem
947 653 1050 709 heheu
1067 667 1131 724 gre·

223 739 305 807 tium,
323 744 356 794 ut
374 738 476 809 possit,
494 746 522 795 et
538 744 645 795 tentem
663 739 840 796 dilectionem
856 753 924 812 erge
940 755 1015 807 reos,
1033 744 1066 793 ut
1084 751 1131 794 νει·

223 825 257 878 lit
275 822 436 894 omnesqui
454 825 569 880 credent
591 839 641 880 suo
659 825 788 894 consitio,
810 823 990 880 reconciliare
1010 823 1130 895 quodem

223 908 337 964 servitio
355 907 408 978 ipsi
426 908 486 980 regi
503 909 585 964 vuido
606 909 754 980 placituro,
778 910 853 982 quod
875 909 999 965 fecturus
1023 915 1065 964 eet
1086 909 1133 964 die

175 999 205 1050 18
224 993 375 1048 secundum
401 993 573 1050 voluntatem
600 995 674 1068 regis
701 1002 812 1052 statuto.
853 995 892 1050 Et·
915 993 1046 1066 quonam
1074 1009 1130 1048 non
1215 999 1217 1002 '

224 1094 318 1133 omnes
346 1085 464 1147 possunt
495 1080 543 1152 qui
571 1081 769 1137 reconciliandi
799 1085 865 1136 sunt
892 1081 928 1134 ed
956 1079 1029 1135 diem
1053 1079 1130 1136 illem

223 1162 386 1234 convenire;
416 1165 546 1221 concedit
573 1183 622 1221 rex
644 1175 759 1240 propter
780 1165 1000 1239 magnitudinem
1025 1165 1130 1220 servitii

222 1248 312 1318 illius,
338 1255 370 1304 ut
394 1249 553 1322 quicunque
578 1253 624 1309 vel
647 1257 712 1308 ente
735 1251 780 1307 vel
797 1257 861 1321 post
878 1249 951 1306 diem
969 1249 1046 1304 illem
1065 1263 1129 1306 con-

222 1333 289 1390 fessi
314 1333 430 1401 fuerint,
452 1351 483 1390 sc
507 1335 578 1390 velle
600 1351 651 1406 per
676 1337 746 1392 iliud
771 1353 842 1407 opus
865 1336 940 1407 quod
959 1353 993 1392 ou
1009 1336 1055 1392 die
1072 1333 1129 1406 fiet,
1162 1371 1168 1386 .

222 1421 333 1474 veniam
359 1420 508 1490 impetrare
535 1427 564 1474 ct
587 1421 624 1476 cd
646 1429 760 1494 pactum
782 1422 823 1477 ibi
844 1421 1026 1477 constitutum
1052 1435 1129 1477 cece·

223 1503 302 1570 dere,
326 1503 363 1556 ab
386 1503 460 1556 omni
476 1505 560 1575 culpe
577 1505 632 1560 sint
649 1507 770 1564 absoluti
788 1507 951 1579 praeterita
974 1506 1044 1563 etsi
1061 1524 1127 1562 con·

222 1586 317 1658 tigerit
343 1593 375 1642 ut
402 1593 466 1657 post
489 1587 561 1642 hene
588 1590 698 1647 veniam
717 1593 817 1648 iterum
844 1597 974 1664 peccent,
1001 1591 1025 1644 si
1043 1591 1129 1663 digne

223 1671 384 1727 satisfecere
410 1678 437 1727 et
464 1673 565 1745 corrigi
592 1675 723 1748 deinceps
748 1675 901 1754 voluerint,
928 1693 981 1747 per
1004 1675 1130 1732 eiusdem

222 1757 298 1827 posti
322 1757 475 1814 efficaciam
497 1759 598 1815 iterum
619 1763 729 1817 veniam
751 1762 900 1833 recipient,
925 1761 964 1818 sie
987 1766 1080 1816 temen
1097 1767 1130 1815 nt

222 1843 316 1908 nullus
336 1844 470 1914 palatium
490 1845 548 1902 eius
570 1847 755 1919 ingrediatur,
786 1849 874 1904 donec
895 1847 1007 1903 fectunr
1025 1845 1130 1902 sithoc

174 1924 204 1975 19
222 1927 298 1983 unde
315 1929 414 2000 culpes
435 1932 599 1987 relaxentur.
639 1933 798 1990 Secundum
822 1934 893 1988 hene
913 1931 1129 2002 similitudinem,

207 2013 354 2083 'quoniam
381 2033 437 2070 non
467 2023 618 2087 potnerunt
648 2007 742 2074 omnes
771 2019 896 2074 hominm
924 2017 973 2088 qui
1002 2017 1129 2072 sdvnndi

224 2106 303 2154 erent
321 2106 480 2168 praesentes
500 2117 574 2169 esse,
601 2103 712 2172 quando
736 2103 933 2158 redemtionem
955 2102 1032 2156 illem
1051 2101 1130 2157 chii·

222 2191 281 2236 stus
300 2183 379 2252 fecit,
403 2190 483 2241 tantu
506 2186 561 2242 fuit
578 2187 620 2241 vis
637 2188 666 2242 in
685 2188 744 2242 ειιιι
758 2194 860 2256 morte,
882 2193 915 2243 ιιι
934 2188 1018 2242 etium
1034 2186 1063 2240 in
1079 2187 1130 2241 eb·

222 2275 313 2324 sentes
340 2269 386 2325 vel
413 2269 474 2326 loco
498 2272 543 2326 vel
562 2275 773 2343 ,tempore-eius
797 2273 979 2344 protendetur
1004 2271 1130 2329 effeetus.

171 2348 204 2400 ²⁰
223 2353 303 2420 Quod
330 2361 423 2412 cutem
450 2374 506 2412 non
531 2357 620 2412 solum
645 2360 838 2429 praesentibus
863 2359 995 2430 prodesse
1019 2358 1129 2428 debeat,

221 2437 286 2494 hinc
314 2440 397 2497 feeile
423 2443 613 2514 cognoscitur,
641 2443 708 2514 quic
732 2460 789 2498 non
814 2449 858 2498 tot
883 2449 1044 2515 praesentes
1068 2461 1130 2499 esse

221 2525 281 2578 eius
308 2526 389 2580 morti
415 2533 576 2598 potuerunt,
609 2534 677 2600 quot
703 2529 740 2583 ed
763 2545 900 2601 supernae
922 2527 1042 2584 civitatis
1064 2541 1129 2586 con·

222 2610 401 2664 emotionem
424 2613 573 2668 necessarii
591 2619 671 2682 sunu
696 2613 803 2668 etiamsi
827 2629 921 2668 omnes
938 2613 987 2684 qui
1004 2614 1128 2670 eiusdem

221 2695 318 2750 mortis
334 2700 458 2767 tempore
476 2698 636 2770 ubicunque
655 2706 744 2768 nent,
771 2699 808 2754 sd
831 2698 910 2753 illem
929 2698 1128 2756 redemtionem
1215 2697 1218 2706 ⁴

171 2777 201 2828 ²¹
222 2781 440 2838 admitterentur.
479 2783 581 2840 Plures
606 2785 680 2840 enirn
707 2789 773 2838 sunt
793 2784 941 2839 (ιιιιιιοιιιι
967 2801 1066 2856 quem,
1093 2786 1129 2840 de

222 2867 323 2938 quibus
348 2869 545 2924 resumendus
571 2876 613 2925 est
634 2885 767 2924 nummus
789 2885 899 2938 eorum,
926 2885 962 2925 ee
986 2869 1031 2927 die
1053 2869 1129 2924 vive-

142 3007 143 3012 ,
170 2953 283 3008 errent
306 2952 436 3010 homines.
477 2954 539 3011 Nec
563 2955 732 3011 eredendum
754 2960 806 3024 est,
831 2969 865 3010 ox
889 2969 945 3026 qno
971 2953 1064 3010 iectus
1085 2961 1130 3012 est

220 3038 302 3094 horno
319 3039 408 3094 ullum
430 3045 541 3110 tempus
565 3039 664 3110 fnisse,
687 3057 746 3112 que
767 3039 956 3096 mundusisto
973 3056 1037 3096 cum
1052 3054 1129 3096 oses·

145 3172 150 3182 .
220 3123 290 3178 turis
315 3139 388 3196 ques
414 3125 509 3182 icctee
529 3131 594 3180 sunt
619 3127 656 3180 cd
682 3141 749 3180 ιιιιιι
773 3125 929 3196 hominum,
957 3125 1002 3180 sic
1023 3141 1131 3182 veens·

220 3208 326 3273 fnisset,
346 3217 379 3266 ut
395 3212 490 3266 nullus
507 3218 581 3268 esset
597 3211 627 3266 in
643 3211 692 3266 illo
710 3225 744 3266 cx
760 3209 882 3268 hnmano
901 3225 1002 3284 gnere
1021 3211 1058 3266 cd
1075 3211 1133 3266 hee

169 3295 208 3348 23¹
219 3294 373 3365 perducens,
397 3303 511 3367 propter
529 3295 607 3368 quod'
622 3295 714 3352 notus
732 3301 778 3350 cet
792 3296 892 3354 homes
919 3296 1041 3353 videtur
1054 3297 1132 3352 enin

219 3377 416 3435 inconveniens
444 3380 520 3453 qnod
544 3379 622 3435 ncne
652 3381 698 3436 rel
725 3397 782 3438 nno
809 3387 948 3440 mommo
972 3381 1133 3454 perminis
