2638 3818
161 265 165 270 ⁴
236 292 277 356 10
417 287 445 344 s.
465 285 638 344 sussum,
655 285 962 344 condemnenus

159 501 163 510 .
234 458 337 512 iustum
355 465 384 518 et
400 457 545 526 iniustum,
574 462 603 512 et
620 457 663 511 ob
684 456 737 510 hoc
756 473 776 510 c
794 471 850 512 non
867 453 1016 528 diligenter
1032 456 1142 512 intuen-

185 546 217 598 10
234 543 310 598 tibus
327 550 417 599 totum
438 543 542 606 iustum
558 546 609 595 ent
634 540 766 596 iniustum
782 540 906 596 iudicari·
940 541 1041 597 Evenit
1058 542 1140 612 enim,

235 634 267 684 ut
284 630 386 702 aliquis
405 629 581 690 innocentem
599 625 738 697 percutim
756 625 873 696 iniuste,
898 627 973 683 unde
989 627 1049 700 ipse
1066 629 1142 682 iuste

219 705 343 786 'percuti
360 719 512 780 meream
540 711 565 766 si
588 716 682 766 temen
702 726 849 781 percussus
874 713 1017 768 vindicare
1035 727 1065 768 se
1083 729 1141 767 non

236 800 320 857 debet
345 805 374 856 et
400 797 523 870 percutit
549 797 750 868 percutientem
778 812 822 863 se,
854 796 957 853 iniuste
986 797 1040 852 hoc
1063 797 1142 853 fecit.⁴

186 877 313 940 11Hseo
345 883 431 954 igitur
458 883 598 952 percussio
627 899 661 937 ex
689 886 770 952 parte
801 882 1011 950 repercutientis
1038 881 1142 936 iniuste

235 976 286 1036 est,
311 969 454 1039 quianon
478 967 575 1023 debuit
603 985 633 1024 se
657 967 813 1038 vindicer03
839 977 873 1023 ex
895 973 975 1038 perte
997 984 1063 1022 vero
1079 983 1141 1037 per·

236 1053 311 1108 cussi
328 1052 415 1121 iuste,
441 1053 507 1124 quis
524 1053 626 1109 iniuste
643 1053 801 1124 percutiens
818 1051 892 1106 iuste
908 1053 1017 1122 percuti
1032 1049 1139 1108 merdic

187 1142 217 1192 12
235 1137 353 1193 Diverso
375 1137 462 1208 igitur
486 1138 588 1194 intuitu
613 1139 687 1195 iusta
711 1143 740 1194 et
764 1138 868 1193 iniuste
885 1142 929 1192 est
945 1139 1042 1193 eedem
1058 1137 1140 1206 ectio,

237 1225 302 1296 quin
317 1225 478 1296 contingere
494 1229 587 1295 potest
616 1223 652 1278 eh
680 1223 735 1278 elio
762 1223 879 1280 iudicari
900 1224 1002 1277 instem
1023 1229 1140 1292 tantum,

236 1311 273 1366 eh
300 1310 354 1366 alio
380 1311 519 1365 iniustam.
563 1309 625 1364 Hoc
653 1309 748 1380 itaque
775 1308 856 1364 modo
883 1307 1011 1364 diabolus
1039 1307 1141 1364 dicitur

236 1396 308 1452 iuste
334 1413 434 1452 vexere
456 1395 608 1464 hominem,
635 1393 702 1464 quis
724 1393 801 1450 Deus
828 1393 881 1449 hoc
913 1394 985 1448 iuste
1004 1393 1143 1464 permitiit

187 1481 218 1534 1³
237 1487 265 1536 ct
289 1481 372 1536 homo
396 1481 450 1536 hoc
478 1481 550 1535 iuste
573 1479 685 1551 petitur.
721 1479 776 1534 Sed
807 1483 835 1534 et
859 1479 925 1549 hoc,
955 1480 1029 1551 quod
1058 1479 1142 1536 homo

236 1564 309 1620 iuste
327 1565 430 1620 dicitur
448 1566 516 1636 peti,
533 1583 589 1620 non
608 1581 660 1619 sue
677 1564 784 1620 iustitis
801 1565 873 1620 iuste
893 1564 994 1620 dicitur¹
1005 1565 1072 1636 poti,
1091 1564 1141 1620 sed

186 1655 219 1708 14
237 1650 305 1726 quis
328 1652 443 1722 punitur
463 1651 536 1706 iusto
560 1649 751 1708 iudicione.
792 1650 832 1705 At
854 1649 879 1704 si
901 1649 1062 1706 obtenditur
1085 1649 1142 1704 chi·

236 1736 406 1808 ecgraphum
423 1736 495 1792 illud
520 1737 636 1803 decreti,
662 1736 737 1807 quod
754 1737 901 1791 adversum
921 1752 975 1810 nos·
991 1735 1059 1789 dicit
1075 1751 1141 1806 epo·

236 1821 322 1876 stolus
331 1823 351 1890 ¹)
375 1823 461 1880 fuisse
485 1828 513 1878 et
536 1840 586 1893 per
608 1816 723 1878 mo'rtem
746 1821 848 1876 Christi
872 1819 992 1876 deletum
1009 1835 1084 1888 essc3
1113 1825 1144 1874 et

235 1912 318 1979 putet
340 1908 455 1980 uliquis,
478 1925 529 1981 per
550 1908 621 1963 illud
646 1905 809 1978 significari,
834 1905 901 1976 quis
917 1905 1044 1961 diabolus
1060 1907 1142 1978 qussi

237 1991 289 2048 sub
313 1993 459 2048 cuiusdam
483 1993 558 2064 pecti
582 1991 765 2062 chirographo
789 1992 826 2047 ab
848 1991 959 2046 homine
981 1982 1053 2046 iuste
1077 1997 1141 2046 ente

237 2075 394 2145 passionem
418 2075 521 2131 Christi
543 2081 704 2147 peccatum,
730 2076 806 2131 velut
832 2092 945 2132 usuram
969 2075 1051 2147 primi
1076 2093 1141 2146 pec·

238 2159 294 2213 cuti
313 2160 389 2229 quod
405 2160 544 2231 persuasit
561 2159 682 2239 homini,
706 2166 734 2215 et
751 2178 868 2232 poenam
885 2161 993 2232 peccati
1010 2161 1142 2233 exigeret,

237 2249 270 2298 ut
290 2260 340 2314 per
358 2245 411 2299 hoc
428 2244 561 2300 iustitiam
579 2262 657 2300 suem
675 2262 757 2317 super
777 2245 916 2302 hominem
934 2245 1063 2302 videatur
1078 2263 1142 2318 pro-

187 2328 220 2380 15
238 2329 320 2399 bare,
344 2346 520 2402 nequaquem
541 2332 582 2387 ite
606 2331 818 2402 intelligendum
840 2337 917 2402 puto.
952 2331 1062 2403 Quippe
1085 2331 1142 2386 chi·
1175 2359 1187 2380 x

237 2415 407 2486 ecgraphum
434 2414 505 2471 illud
531 2435 588 2472 non
615 2422 658 2472 est
683 2415 801 2487 diaboli,
834 2417 901 2489 quis
928 2416 1142 2488 chirographum

237 2499 340 2554 dicitur
364 2499 479 2568 decreti,
503 2502 645 2556 decretum
666 2507 759 2556 sutem
781 2501 852 2556 iliud
874 2517 932 2557 non
956 2507 1016 2557 eret
1039 2502 1143 2558 diaboli
1251 2579 1253 2583 7

240 2701 307 2772 quis
324 2717 375 2758 nec
393 2701 446 2757 iste
463 2704 572 2773 percuti
588 2721 640 2760 nec
658 2705 706 2762 illc
724 2712 868 2776 percutere
887 2703 985 2773 dehet3
1011 2721 1044 2760 ex
1067 2709 1142 2759 utrc-

239 2785 293 2842 qne
312 2777 392 2841 perte
411 2787 466 2825 non
488 2780 633 2842 recteest,
652 2776 719 2846 quis
731 2793 764 2830 ex
775 2779 884 2830 neutre'
907 2777 966 2828 arte
979 2772 1063 2828 debet
1074 2789 1143 2840 csso,

238 2838 386 2910 percussio.
422 2839 492 2894 Cum
516 2859 582 2897 vero
607 2844 783 2913 peccans-ab
800 2859 872 2898 eos
909 2856 991 2912 quem
1009 2859 1065 2897 non
1081 2859 1143 2913 per-

237 2908 321 2978 tinet,
364 2908 511 2976 ercutitur3
542 2912 672 2980 quoniam
695 2918 724 2968 et
748 2913 802 2968 istc
826 2911 910 2966 dehet
925 2911 1034 2981 percuti
1050 2917 1079 2965 ct
1095 2911 1144 2966 ille

237 2993 293 3058 non
320 2977 403 3059 dect
425 2983 583 3048 percutere:
612 2981 695 3036 debet
715 2987 744 3036 et
766 2997 822 3036 non
847 2978 932 3035 debet
955 2995 1015 3033 esse
1032 2995 1143 3076 percus·

239 3061 289 3113 sio,
306 3053 335 3102 ot
354 3046 416 3102 1deo
433 3053 511 3102 rectu
529 3054 557 3102 et
577 3064 634 3103 non
650 3054 727 3106 recta
741 3049 839 3120 negari
859 3062 915 3102 non
933 3049 1052 3118 potest.‘

311 3133 336 3200 1)
355 3131 459 3188 Coloss.
480 3137 503 3202 2,
526 3139 571 3188 14:
598 3133 744 3204 ἐξαλείψας
768 3133 799 3188 τὸ
819 3134 883 3187 καθ’
902 3130 982 3206 ἡμῶν
994 3131 1144 3258 χειςῖόγρα-

238 3217 296 3272 φον
326 3207 401 3262 τοῖς
428 3199 492 3272 δόγ
525 3216 609 3257 cccv
633 3202 650 3258 ὃ
677 3201 712 3272 ἢν
737 3203 902 3258 ὑπεναντίον
924 3200 1001 3276 ἡμῖν.
1068 3203 1142 3272 ulg.=

239 3269 353 3351 „delens
371 3269 446 3341 quod
464 3223 597 3328 odissem
608 3287 658 3326 nos
672 3278 732 3328 eret
742 3270 955 3343 chirographum
967 3271 1098 3324 decreti.“
1109 3295 1144 3310 -

237 3339 303 3397 Vsd.
323 3341 457 3407 Beopeiii
472 3339 600 3396 Gnomon
620 3341 654 3396 N.
672 3341 705 3394 T.
725 3357 750 3394 e.
768 3339 794 3394 h
814 3341 833 3395 l.
