2638 3818
403 303 482 362 GUR
496 302 599 361 DEUB
615 301 734 361 HOMO.
769 307 791 362 1.
811 311 919 362 10-18.
1072 309 1116 374 ᾗ

210 479 260 528 eut
277 473 371 529 nullus
389 489 515 545 unquam
538 472 758 545 confirmaretur,
781 483 830 531 aut
855 493 969 532 neeesse
987 484 1047 533 eret
1065 478 1114 534 eli·

209 577 293 631 quem
317 576 459 624 casurum,
491 558 539 629 qui
565 560 602 613 ed
627 560 697 614 elion
723 559 925 616 confirmandos
953 562 1113 632 puniretun3

209 661 281 716 quae
307 651 426 714 utraque
456 643 577 700 absurde
599 651 672 700 sunt.
714 646 767 701 Illo
792 645 887 716 itnque
912 647 994 701 modo
1016 644 1146 702 confir-5

207 730 276 786 meti
294 736 361 784 eunt
379 728 421 782 illi
447 730 495 800 qui
521 737 670 800 steterunt,
696 749 751 803 quo
775 732 880 803 pariter
898 730 1051 786 confirmati
1070 747 1112 786 es·

207 821 271 871 nent
289 831 385 870 omnes
410 813 433 867 ei
455 816 609 878 stetissem
634 818 866 889 quemadmodum
883 816 992 872 ostendi
1001 817 1021 887 ¹)
1040 816 1113 872 sieut

207 901 295 972 potui,
314 898 364 952 nbi
380 900 504 968 tractavi,
524 917 573 955 eur
587 900 665 956 Deus
686 902 796 957 diabolo
809 903 1043 974 perseverentiam
1055 919 1111 959 non

207 985 319 1051 dedite)
345 985 411 1038 Boe.
428 984 558 1040 Probasti
576 987 662 1041 malos
682 989 796 1058 angelos
817 989 853 1044 de
871 989 992 1044 humana
1010 994 1112 1043 nature
1128 988 1145 1039 6

207 1070 417 1141 restaurend033
441 1077 469 1125 et
491 1076 570 1140 petet
588 1087 621 1126 ex
639 1071 692 1126 hee
710 1074 831 1143 ratione,
856 1074 924 1145 quia
940 1093 995 1130 non
1013 1074 1043 1130 in
1060 1073 1110 1133 mi-

119 1159 121 1168 *
206 1154 268 1210 neri
286 1171 398 1216 numero
420 1161 502 1211 erunt
523 1157 604 1213 electi
627 1157 751 1214 homines
771 1175 854 1228 quem
873 1165 939 1214 eunt
957 1160 1051 1232 angeli
1069 1177 1111 1216 re·

207 1239 294 1312 probi.
330 1241 384 1297 Sed
401 1249 495 1296 uirum
513 1242 609 1313 plures
631 1242 720 1297 futuri
738 1243 806 1312 sint,
830 1243 963 1315 sipotes,
988 1245 1110 1301 ostende.

288 1391 349 1480 '8²0
402 1429 472 1484 Am.
493 1428 523 1485 si
537 1429 638 1500 angeli,
658 1437 806 1502 antequam
819 1429 933 1501 quidam
943 1427 1053 1483 illorum
1065 1444 1111 1482 ee·
1130 1427 1141 1478 l

208 1509 315 1582 dei-ent,
339 1517 419 1568 erent
443 1513 473 1568 in
498 1513 547 1568 illo
569 1513 692 1584 perfeeto
717 1516 825 1586 dequo
847 1514 965 1568 diximus
986 1529 1110 1583 numere,

207 1612 261 1650 non
280 1603 344 1652 suni
363 1599 488 1654 homines
508 1597 577 1654 faeti
596 1599 651 1653 nisi
668 1615 718 1670 pro
736 1601 936 1654 restauratione
948 1600 1110 1671 angelorum

205 1681 388 1752 perditorum
412 1693 440 1741 et
464 1685 558 1756 palam
581 1692 638 1753 est,
663 1683 730 1755 quia
752 1700 807 1738 non
831 1690 913 1739 erunt
934 1686 1028 1755 plures
1046 1684 1109 1738 illis.

205 1765 234 1822 si
253 1774 347 1823 autem
367 1769 415 1825 ille
439 1788 570 1826 numerus
592 1788 648 1825 non
671 1775 731 1824 erat
755 1768 859 1823 inillis
879 1768 1006 1824 omnibus
1025 1771 1143 1839 enge-2

203 1850 253 1922 lis,
279 1855 474 1924 complendum
500 1861 543 1912 est
570 1857 605 1912 de
633 1853 790 1910 hominibus
817 1859 845 1910 et
873 1854 948 1926 quod
974 1853 1058 1924 periit
1080 1857 1110 1907 et

204 1939 280 2008 quod
305 1939 382 2010 prius
405 1941 514 2009 deerat,
542 1947 571 1996 et
594 1946 674 1996 erunt
698 1940 780 1994 eleeti
803 1939 927 1994 homines
951 1939 1045 2009 plures
1067 1955 1110 1992 re·

202 2023 299 2094 probis
316 2025 438 2096 angelis3
465 2035 493 2081 ei
517 2025 556 2079 sie
577 2026 713 2094 dicemus,
739 2024 879 2096 quianon
895 2023 1008 2078 fuerunt
1023 2021 1110 2076 hemi-

203 2127 252 2164 nee
270 2107 338 2164 ieeti
354 2116 464 2165 tentum
483 2111 519 2164 a'd
537 2113 749 2166 restaurandum
763 2126 909 2165 numerum
925 2107 1108 2181 imminutum,

203 2196 253 2250 sed
282 2196 367 2251 etiam
399 2197 435 2250 ad
462 2195 660 2265 perficiendum
686 2195 809 2250 nondum
834 2195 995 2265 peiieetum.
1039 2194 1142 2247 Boe.3

203 2281 278 2345 Quid
302 2281 395 2353 potius
419 2283 570 2336 tenendum
593 2289 645 2350 est,
673 2298 710 2334 an
735 2280 810 2350 quod
836 2280 928 2350 angeli
946 2279 1024 2348 prius
1041 2277 1109 2332 fecti

203 2367 259 2420 sint
277 2367 307 2420 in
324 2383 438 2422 numero
456 2366 595 2437 perfecie,
621 2383 657 2420 an
676 2364 750 2420 non?
786 2365 856 2419 Am.
886 2363 966 2427 Quod
983 2363 1051 2416 mihi
1068 2362 1108 2415 vi·

204 2451 284 2506 detur
303 2453 402 2507 dicam.
437 2453 506 2504 Boe.
523 2451 586 2508 Non
603 2468 716 2522 possum
732 2466 749 2504 a
766 2455 795 2504 te
811 2450 875 2519 plus
893 2448 1010 2519 exigere.
1037 2447 1141 2503 Am

204 2534 235 2591 si
251 2538 333 2593 homo
350 2538 444 2593 faetus
464 2543 506 2591 eet
523 2542 587 2607 post
605 2553 700 2592 casum
719 2537 853 2590 melorum
866 2535 1035 2604 angelorum,
1055 2532 1105 2587 sie·

203 2628 237 2675 nt
259 2623 371 2693 quidam
394 2622 555 2694 intelligent
579 2623 608 2676 in
633 2621 754 2690 Genesi,
778 2637 835 2675 non
855 2620 937 2676 video
960 2635 1041 2690 poene
1062 2633 1107 2672 me

203 2723 255 2778 per
280 2709 333 2764 hoe
363 2710 480 2780 probare
512 2708 629 2762 alterum
653 2709 752 2763 horum
779 2707 968 2762 determinate.
1011 2705 1139 2758 Poeante

205 2791 278 2846 enim
296 2797 339 2858 (ut
355 2797 435 2863 puto)
454 2811 522 2862 esse,
541 2793 616 2864 quod
634 2793 727 2864 angeli
743 2793 821 2863 prius
832 2791 935 2847 fuerint
948 2792 978 2844 in
993 2803 1107 2844 numero

203 2875 334 2950 perleeio,
354 2886 382 2934 et
398 2888 495 2952 postea
514 2879 604 2933 iaetus
625 2880 661 2933 sit
672 2879 754 2934 homo
771 2885 887 2949 propter
895 2873 1106 2932 restaurandum

202 2961 378 3018 imminutum
396 2981 491 3020 eorum
508 2981 669 3025 numemm3
697 2970 726 3017 et
748 2969 841 3033 potest
861 2978 934 3029 esse,
959 2958 1034 3029 quod
1051 2973 1107 3012 nen

202 3045 307 3102 fuerint
328 3048 357 3103 in
378 3067 492 3105 numero
516 3049 655 3121 perfecto,
682 3050 748 3120 quia
773 3047 920 3103 differebat
937 3044 1014 3098 Deus
1035 3042 1107 3096 sieut

203 3129 296 3188 adhue
322 3133 429 3206 differt,
454 3136 533 3190 illum
555 3134 670 3206 implere
689 3149 848 3202 numerum,
870 3129 994 3186 facturus
1010 3127 1106 3182 hume-

275 3288 299 3354 1)
318 3305 396 3358 qnem
415 3290 527 3342 modum
543 3288 568 3342 Ε
587 3287 647 3341 Fa.

274 3359 300 3426 2)
319 3355 376 3412 cn.
394 3355 504 3428 Dialog.
524 3359 560 3411 de
581 3356 656 3412 Canu
673 3355 794 3410 Diaboli
809 3371 832 3410 e.
851 3358 876 3408 2.
896 3359 919 3410 ³.
938 3357 980 3411 24.
