2638 3818
100 251 105 259 ’
203 261 246 327 78
387 257 415 314 S.
432 253 603 314 Ansam
620 253 926 316 cenwaafflusls

151 428 184 480 14
202 428 258 486 Sed
284 428 409 484 videmus
433 433 561 494 eoontra,
596 426 662 498 quia
690 426 766 500 quod
786 425 871 480 ,Deus
900 423 1109 490 immutabiliter

201 513 275 584 vult,
299 531 354 569 non
377 516 472 586 potest
493 528 548 566 non
572 527 649 581 esse,
675 512 725 567 sed
743 527 856 566 neeesse
874 516 916 571 est
933 527 1000 565 esse.
1036 507 1109 574 Qua·

199 605 314 674 propter
338 599 362 653 si
386 597 464 653 Deus
489 594 578 652 voluit
608 600 641 649 ut
668 595 715 652 ifle
742 595 824 651 homo
855 601 1023 664 moreretur,
1052 611 1110 649 non

150 680 183 732 15
200 683 293 755 potuit
311 699 367 736 non
384 682 462 738 mori.
496 683 567 740 Ans.
595 679 638 736 Ex
657 698 699 750 eo,
717 681 783 753 quia
798 680 887 736 Filius
905 680 959 758 Dei
979 679 1109 734 assumsit

200 767 339 825 hominem
368 784 401 822 ea
428 768 572 824 voluntate
597 773 630 824 ut
659 773 827 835 moreretur,
858 763 961 838 probas
991 765 1109 822 eundem

200 853 349 909 hominem
366 870 423 908 non
449 853 573 922 potuisse
599 869 654 907 non
679 851 756 906 mori.
800 855 869 906 Bos.
904 849 949 906 Ita
974 848 1108 920 intelligo.

151 939 184 992 16
201 941 272 994 Aoo.
290 938 337 992 An
354 952 410 992 non
428 935 553 993 similiter
576 937 707 1009 apparuit
731 953 765 991 ex
788 935 830 990 his
853 953 924 1008 quae
943 934 1107 1004 dictasunt,

200 1025 304 1080 Filium
320 1019 375 1076 Dei
398 1026 427 1077 et
450 1029 602 1078 assumtum
620 1021 759 1078 hominem
776 1039 860 1076 unam
876 1037 937 1076 esse
953 1037 1108 1091 personam,
1153 1041 1156 1056 ·

201 1115 233 1164 ut
249 1107 324 1161 idem
342 1106 378 1162 sit
396 1104 474 1164 Deus
494 1113 522 1164 et
539 1108 635 1175 homo,¹
656 1105 731 1163 filius
749 1106 805 1163 Dei
823 1112 852 1161 et
870 1103 996 1177 Virginis
1014 1105 1107 1160 filius?

153 1200 183 1251 17
202 1195 270 1248 Bos.
310 1191 357 1250 sie
380 1199 431 1248 est.
466 1195 536 1250 Aue.
573 1191 652 1249 Idem
680 1192 871 1266 igiturhomo
896 1207 947 1245 sua
966 1189 1109 1245 voluntate

152 1283 184 1335 18
202 1296 257 1335 non
291 1277 383 1349 potuit
417 1295 474 1334 non
507 1278 583 1332 mori
611 1286 639 1334 et
675 1284 800 1334 mortuus
838 1282 887 1332 est.
948 1276 1016 1330 Boe.
1042 1273 1109 1346 ,Ne-

92 1411 93 1416 ,
201 1381 268 1438 gare
291 1381 407 1435 nequeo.
442 1365 512 1418 Ans.
549 1361 686 1428 Quoniam
714 1382 780 1436 ergo
805 1362 933 1419 voluntas
951 1360 1006 1416 Dei
1031 1359 1109 1415 nulla

200 1449 366 1516 necessitate
390 1447 459 1503 faoit
481 1447 589 1520 aliquid
608 1451 657 1505 sed
683 1467 735 1504 sua
756 1454 905 1520 potestate,
928 1453 957 1501 et
979 1447 1108 1500 voluntas

201 1534 277 1588 illius
303 1533 357 1588 fuit
384 1533 514 1588 voluntas
534 1531 602 1604 Dei,
630 1535 709 1590 nulla
736 1535 901 1589 necessitate
925 1537 1050 1586 mortuus
1068 1536 1110 1585 est

151 1617 183 1669 19
200 1619 250 1674 sed
279 1617 339 1674 sola
368 1635 419 1674 sua
449 1624 604 1690 potestate..
632 1619 701 1673 Boo.
732 1619 1029 1692 Argumentationibus
1054 1619 1109 1672 tuis

201 1703 314 1758 obviare
342 1717 466 1776 neque03
495 1722 560 1782 nam
585 1722 637 1761 nee
664 1705 865 1776 propositiones
889 1722 958 1776 quas
981 1703 1110 1776 praemit-

195 1789 254 1866 tis,
282 1806 335 1844 neo
355 1791 566 1863 consequentias
592 1808 661 1861 quas
685 1791 784 1860 infers,
809 1790 948 1844 ullatenus
971 1787 1109 1844 infirmare

148 1875 183 1928 2⁰
200 1874 287 1930 valeo.
323 1873 379 1930 Sed
395 1881 489 1930 tamen
505 1875 559 1932 hoe
576 1875 644 1930 mihi
669 1892 777 1948 semper
801 1874 921 1929 oeomrit
943 1874 1018 1946 quod
1038 1873 1109 1928 dixi:

202 1961 268 2034 quia
291 1959 315 2014 si
339 1961 423 2016 vellet
449 1976 506 2014 non
526 1959 608 2029 mori,
633 1977 688 2016 non
708 1959 798 2034 magis
816 1959 868 2014 hoe
886 1965 995 2030 posset,
1025 1977 1109 2032 quum

201 2063 257 2100 non
275 2063 335 2102 esse
354 2045 429 2115 quod
445 2050 520 2111 erat;
547 2062 749 2116 serenumque
766 2044 915 2100 moriturus
933 2051 1005 2114 arat,
1023 2061 1108 2115 quon·

200 2128 256 2183 iam
275 2129 381 2185 sivero
399 2147 455 2183 non
473 2129 572 2185 fuisset
590 2130 747 2200 moriturus,
766 2148 823 2184 non
838 2127 938 2186 fuisset
957 2146 1023 2184 vera
1038 2127 1107 2182 fides

201 2202 315 2268 futuraex
331 2213 427 2268 mortis
445 2213 519 2284 eius,
540 2232 592 2286 per
610 2233 694 2288 quam
713 2222 741 2270 et
759 2215 810 2270 illa
826 2215 915 2288 Virgo
934 2213 968 2270 de
987 2229 1042 2284 qua
1058 2230 1108 2268 na·

149 2295 181 2352 21
200 2301 246 2352 tus
263 2303 312 2367 est,
339 2303 367 2352 et
392 2297 440 2352 alii
462 2299 542 2354 multi
568 2302 694 2358 mundati
716 2306 815 2357 sunta
834 2305 959 2372 peceato.
995 2299 1066 2356 Nam
1085 2299 1110 2353 si

184 2401 267 2454 ,vera
288 2401 345 2440 non
369 2383 482 2456 fnisset,
505 2385 576 2440 nihil
598 2387 730 2459 prodesse
754 2385 899 2457 potuisset.
936 2385 1109 2454 Quapropter

201 2468 225 2521 si
244 2468 336 2538 potuit
353 2486 409 2524 non
428 2469 510 2539 mori,
531 2471 624 2542 potuit
650 2471 744 2526 faeere
766 2490 823 2526 non
840 2486 900 2525 esse
918 2485 1014 2544 verum
1034 2467 1108 2540 quod
1168 2477 1179 2490 '

148 2555 183 2606 22
200 2566 296 2607 verum
321 2559 389 2607 erat.
424 2553 493 2608 Aru.
532 2553 623 2618 Quare
645 2574 741 2611 verum
764 2564 824 2613 erat
849 2561 997 2626 antequam
1022 2571 1108 2610 more·

199 2641 289 2706 retur,
317 2636 383 2708 quia
409 2637 557 2693 moriturus
582 2639 659 2694 erat?
701 2643 769 2697 Boo.
805 2638 943 2707 Quoniam
965 2638 1020 2694 hoe
1047 2639 1107 2710 ipse

149 2728 183 2779 23
200 2727 298 2793 sponte
324 2722 412 2778 voluit
437 2728 465 2778 et
492 2723 658 2780 immutabili
684 2726 834 2802 uoluntate.
868 2726 938 2779 Aua.
976 2724 1007 2780 Si
1031 2738 1106 2796 ergo,

200 2807 273 2862 siout
292 2807 375 2878 diois,
400 2805 503 2864 ideireo
521 2827 577 2864 non
594 2809 685 2881 potuit
702 2828 757 2866 non
773 2810 860 2880 mori,
884 2809 950 2880 quia
967 2825 1032 2864 vere
1050 2828 1111 2880 mo·¹
1189 2807 1191 2812 ‘

200 2891 303 2946 riturus
325 2899 393 2963 erat,
418 2898 446 2946 et
465 2893 528 2947 ideo
547 2911 611 2950 vere
630 2901 689 2950 erat
707 2896 867 2965 moriturus,
892 2897 959 2965 quia
977 2894 1029 2950 hoo
1046 2895 1107 2965 ipse

200 2982 299 3048 sponte
326 2985 354 3033 et
378 2978 586 3036 immutabiliter
610 2980 714 3044 voluit;
740 2981 864 3053 sequitur
890 2979 969 3034 illum
990 2996 1046 3034 non
1070 2979 1106 3034 ob

200 3062 278 3118 aliud
305 3080 361 3118 non
392 3065 517 3135 potuisse
552 3082 609 3120 non
644 3064 724 3135 mori,
758 3064 812 3118 nisi
843 3063 910 3136 quia
940 3063 1123 3119 immutabili*

150 3150 184 3203 24
201 3147 345 3204 voluntate
366 3148 455 3204 voluit
476 3149 552 3204 mori.
597 3152 665 3204 Bos.
701 3150 746 3204 Ita
768 3155 824 3218 esta
849 3151 899 3205 sed
924 3165 1107 3223 quaeeunque

201 3231 287 3292 fuerit
306 3251 398 3304 eausa,
417 3251 514 3288 verum
534 3241 576 3290 est
592 3241 687 3290 tamen
705 3235 772 3306 quia
789 3252 846 3304 non
857 3228 949 3306 potuit
960 3253 1016 3290 non
1029 3235 1107 3303 mori,

150 3322 184 3374 25
203 3323 232 3372 et
248 3332 361 3372 neeesse
378 3318 432 3373 fuit
448 3319 527 3373 illum
544 3319 621 3374 mori.
656 3325 725 3376 Aua.
749 3320 837 3378 Nimis
857 3321 954 3378 haeres
973 3321 1003 3376 in
1020 3319 1107 3376 nihilo
