2638 3818
405 307 483 366 cuit
500 305 603 364 DEUS
620 303 740 360 HOMO.
776 305 799 362 1.
821 312 859 362 15.
880 309 918 362 ld
1072 306 1114 374 27

207 477 343 534 versitatis
368 483 524 550 spontanea
550 473 703 530 satisfactio
728 474 775 530 vel
805 492 824 549 p
847 492 903 530 non
928 475 1117 532 satisfaciente

209 580 315 634 poenae
335 562 443 619 exactio
460 563 586 630 (excepto
604 561 664 622 heo,
682 561 756 630 quod
776 560 854 616 Deus
872 561 907 615 de
924 560 1004 616 malis
1023 561 1116 616 multi-

209 648 297 704 modis
321 648 397 702 bona
423 644 501 701 iaeitr
530 646 558 700 in
581 647 678 702 eadem
701 645 882 701 universitate
903 645 996 700 locum
1020 653 1117 703 tenent

211 751 292 787 suum
311 738 340 788 et
357 729 462 785 ordinis
479 731 721 801 pulchritudinem.
758 731 834 796 Quas
851 732 874 786 si
892 731 987 786 divina
1005 731 1116 802 sapien·
1135 737 1167 792 10

207 819 262 888 tia,
291 816 340 871 ubi
362 815 525 884 perversitas
552 823 657 872 rectum
681 818 806 872 ordinem
829 817 992 889 perturbare
1008 817 1115 882 nititm,

210 921 267 960 non
287 901 416 970 adderet,
440 899 519 956 fieret
539 901 569 956 in
591 901 654 971 ipsa
675 902 854 957 universitate
871 920 955 974 quam
972 903 1050 958 Deus
1069 903 1116 958 da·

207 990 258 1045 bet
282 986 422 1054 ordinere,
444 986 581 1058 quaedam
602 1003 636 1042 ex
660 987 764 1041 violata
786 987 889 1042 ordinis
909 985 1117 1057 pulchritudine

211 1071 386 1140 deformitas,
409 1079 437 1127 et
454 1072 531 1128 Deus
556 1072 586 1126 in
613 1088 666 1126 sua
689 1073 871 1143 dispositione
888 1073 1029 1128 videretur
1049 1071 1115 1127 defi-

209 1175 281 1214 eere.
317 1155 394 1221 Quae
412 1157 467 1212 duo
487 1157 619 1228 quoniam
637 1156 709 1211 sient
726 1165 792 1212 sunt
811 1157 1048 1228 inconvenientia,
1076 1157 1116 1212 ita
1135 1158 1164 1210 l·l

209 1249 276 1298 sunt
294 1242 487 1312 impossibilia,
512 1260 625 1299 neeesse
642 1251 698 1312 est,
722 1249 755 1298 ut
772 1259 853 1298 omne
870 1250 1015 1312 peecatum
1036 1243 1116 1297 satis·

207 1328 294 1384 faedo
316 1335 365 1382 aut
386 1345 477 1398 poena
500 1339 641 1401 sequatur.
679 1330 748 1383 Bos.
784 1325 949 1384 Satisfeeisti
967 1326 1116 1382 obiectioni

210 1429 294 1468 meae.
328 1414 401 1467 Am.
422 1413 521 1468 Palam
540 1419 583 1467 est
603 1429 683 1483 ergo,
711 1411 779 1482 quia
798 1410 904 1480 Deum,
931 1418 1067 1482 quantum
1085 1413 1116 1467 in
1135 1417 1167 1467 12

211 1498 271 1569 ipso
296 1505 350 1567 est,
378 1497 472 1552 nullus
499 1504 590 1567 potest
615 1497 749 1551 honorare
776 1494 820 1550 vel
846 1496 1028 1567 exhonorare3
1058 1497 1116 1568 sed,

212 1592 344 1655 quantum
362 1584 391 1638 in
410 1600 440 1637 se
458 1589 513 1650 est,
538 1581 591 1638 hoo
609 1582 710 1653 aliquis
727 1580 821 1636 faeere
841 1581 966 1652 videtur,
987 1601 1051 1638 oum
1069 1600 1116 1638 vo·

211 1669 343 1725 luntatem
369 1685 448 1723 suam
476 1667 612 1722 voluntati
639 1667 699 1722 eius
731 1666 856 1735 subiicit,
888 1672 938 1722 aut
968 1668 1116 1723 subtrahit

209 1758 276 1810 Bos.
312 1753 428 1822 Nescio,
454 1750 522 1823 quid
540 1757 638 1806 eontra
657 1768 756 1823 queam
774 1753 874 1807 dicere.
909 1753 979 1806 Ana.
1014 1752 1116 1807 Adhuo
1136 1759 1167 1810 13

207 1840 310 1894 addam
319 1839 434 1912 aliquid.
454 1840 523 1892 Bos.
538 1836 659 1891 'l'amdiu
668 1836 721 1906 dio,
734 1837 823 1892 donee
832 1852 877 1890 me
888 1837 1001 1892 taedeat
1011 1837 1115 1892 audire.

290 1975 360 2062 160
410 2011 479 2065 Am.
513 2008 605 2064 Deum
623 2012 733 2064 constat
750 2005 934 2080 proposuisse,
961 2012 994 2061 ut
1014 2006 1048 2060 de
1066 2004 1147 2060 hul

207 2112 293 2151 mana
311 2102 412 2150 nattua
429 2112 513 2166 quam
531 2096 598 2150 feeit
614 2095 674 2149 siue
694 2103 818 2165 peceato,
837 2110 983 2148 numerum
1002 2093 1115 2163 angelo·

207 2199 271 2236 rum
296 2181 344 2252 qui
369 2180 527 2236 ceciderant
550 2180 714 2236 restitueret
725 2183 743 2248 ¹)
781 2182 849 2236 Bos.
883 2177 946 2234 Hoe
969 2179 1116 2249 eredimus,

207 2266 258 2322 sed
287 2264 388 2319 vellem
416 2264 539 2336 aliquam
566 2265 648 2319 huius
676 2265 716 2320 rei
743 2266 877 2320 rationem
900 2264 1012 2320 habere.
1046 2265 1151 2320 Arsai

208 2351 296 2406 Fallis
315 2365 374 2418 me3
393 2367 448 2404 non
466 2350 539 2404 enim
558 2350 752 2420 proposuimus
770 2356 890 2406 tractare
908 2349 961 2402 nisi
974 2349 1009 2404 de
1026 2349 1116 2412 inear7

208 2435 321 2491 natione
349 2435 418 2504 Dei;
447 2439 476 2487 et
505 2439 537 2487 tu
566 2433 633 2488 mihi
664 2434 733 2489 alias
764 2433 903 2490 interseris
934 2433 1117 2504 quaestiones.

210 2522 279 2577 Bos.
331 2520 374 2577 Ne
413 2518 559 2588 irascaris3
596 2519 715 2572 hilarem
752 2521 823 2572 enim
858 2521 986 2574 datorem
1021 2521 1150 2588 diripiet

211 2605 335 2673 Deus;²)
371 2624 436 2662 nam
465 2620 546 2658 nemo
579 2603 680 2674 probat
714 2603 803 2675 magis
835 2621 865 2658 se
895 2604 1021 2661 hilariter
1049 2606 1117 2660 dare

213 2691 287 2760 quod
304 2692 453 2762 promittit,
475 2705 562 2760 quam
579 2689 627 2760 qui
646 2690 709 2759 plus
729 2690 778 2743 dat
795 2706 878 2760 quam
894 2691 1045 2762 promittit,
1069 2690 1116 2744 die

142 2815 145 2819 .
170 2817 172 2823 ,
212 2789 278 2845 ergo
303 2777 421 2833 libenter
447 2775 523 2847 quod
543 2791 653 2846 quaero.
689 2776 759 2829 Aua.
785 2776 959 2831 Rationalem
979 2778 1151 2841 naturaml

211 2875 284 2930 quae
299 2860 355 2916 Dei
378 2859 613 2932 contemplatione
641 2859 725 2917 beata
745 2861 790 2917 vel
815 2867 858 2918 est
879 2862 925 2918 rel
947 2861 1050 2916 futura·
1066 2863 1116 2930 est,

282 3100 308 3180 1)
325 3099 382 3154 cfr.
392 3101 421 3157 S.
433 3101 588 3169 Aequales·
598 3099 778 3155 Enohiridion
792 3099 829 3154 ad
843 3095 1024 3152 Laurentium
1036 3112 1061 3151 o.
1073 3101 1115 3152 29.

207 3167 253 3224 De
270 3167 389 3224 civitate
407 3170 461 3225 Dei
483 3178 524 3240 22,
546 3176 567 3224 1.
589 3199 625 3208 -
648 3169 688 3223 lo.
714 3169 790 3224 Sooti
816 3169 958 3231 hriqerrae
983 3165 1019 3220 de
1036 3165 1116 3220 Divi-

207 3237 284 3294 sione
309 3238 433 3294 Naturae
455 3238 488 3293 L
513 3247 537 3294 5.
561 3256 590 3309 p.
613 3243 664 3293 516
687 3255 729 3308 sq.
755 3237 798 3292 ed.
822 3235 957 3290 Seildter.
993 3233 1114 3290 Monesi.

207 3306 305 3364 uuest
326 3313 399 3364 ists.

276 3379 304 3446 2)
323 3383 347 3432 2.
365 3374 487 3432 Corinth.
505 3381 530 3444 9,
549 3381 572 3430 1.
