2638 3818
215 283 256 353 76
397 281 425 340 S.
442 279 616 341 ausam
633 277 939 341 censeamus

160 455 193 508 33
210 456 313 522 matre,
337 456 366 508 et
381 467 439 506 non
454 467 505 522 per
522 467 553 508 se
571 449 690 506 mundus
709 467 770 506 esse
788 449 838 508 scd
855 466 905 522 pet
922 447 1008 506 illam.
1042 447 1118 504 Ass.

209 535 273 594 Non
290 535 331 593 its
354 541 405 592 est.
441 535 497 594 Sed
520 535 650 610 quoniam
673 536 770 592 matris
791 534 929 593 munditia
952 549 1005 604 per
1029 549 1115 606 quam

209 621 330 678 mundus
353 626 408 690 est,
432 639 488 678 non
506 622 562 676 fuit
577 621 632 676 nisi
650 618 686 676 ab
705 619 767 690 illo,
790 620 853 692 ipse
876 635 987 692 quoque
1009 634 1060 691 per
1084 634 1115 673 se

207 708 300 780 ipsum
318 713 347 762 et
363 723 381 763 a
396 723 428 763 se
444 708 564 762 mundus
580 705 642 762 fuit

177 871 190 924 1
287 842 341 929 16
364 845 400 928 ii·
436 878 504 932 Bos.
542 876 650 941 Bene¹)
678 881 720 932 est
743 875 778 932 de
794 875 865 932 ‚hoc
900 875 1005 933 Verum
1022 849 1131 930 adhuc¹

208 959 276 1018 mihi
293 959 371 1014 aliud
397 959 506 1016 videtur
532 962 728 1034 quaerendum
762 960 891 1017 Diximus
910 961 985 1018 enim
1001 963 1115 1032 supra²)

208 1045 354 1120 quianon
381 1046 544 1103 necessitate
571 1046 719 1104 moritums
746 1050 819 1114 erat,
844 1051 873 1101 et
898 1063 973 1104 nunc
990 1047 1115 1102 videmus

209 1132 275 1204 quia
297 1136 385 1187 mater
409 1132 468 1188 eius
489 1149 540 1204 per
563 1131 622 1188 eius
647 1137 764 1186 mortem
787 1131 912 1188 diturum
932 1133 1037 1190 munda
1052 1132 1118 1204 fuit,

209 1216 284 1290 quod
312 1214 366 1274 uisi
391 1216 441 1274 illa
467 1217 581 1284 fuisset,
608 1218 668 1288 ipse
695 1217 730 1272 de
754 1216 804 1272 illa
821 1233 881 1272 esse
898 1235 954 1274 non
971 1217 1116 1290 potuisset.

176 1299 353 1366 2Quomodo
380 1318 446 1374 ergo
474 1319 530 1358 non
556 1301 721 1358 necessitate
746 1308 870 1357 mortuus
897 1308 952 1371 est,
981 1302 1030 1375 qui
1053 1319 1117 1382 Ιιιοιι

208 1385 262 1442 nisi
289 1387 356 1460 quia
385 1387 532 1444 moriturus
562 1393 621 1445 erat
648 1387 740 1458 potuit
766 1387 843 1444 esse‘?
897 1387 970 1446 Nam
1003 1388 1028 1442 si
1057 1405 1115 1444 mo

208 1472 312 1528 ritum
337 1489 395 1530 non
418 1479 504 1543 esset,
533 1473 622 1546 Virgo
641 1473 676 1527 de
699 1490 756 1544 qua
774 1480 912 1532 assumtus
929 1479 985 1543 est,
1011 1474 1118 1530 munda

209 1574 265 1614 non
301 1557 416 1629 fuisset,
459 1556 589 1630 quoniam
629 1555 682 1613 hoc
716 1574 893 1630 nequaquem
927 1557 1016 1615 veluit
1056 1575 1117 1616 case

209 1642 263 1700 nisi
299 1659 393 1698 veram
423 1639 482 1699 eins
511 1647 628 1697 mortem
655 1642 807 1712 credendo,
842 1660 895 1699 nec
923 1643 971 1700 ille
999 1643 1035 1700 de
1066 1643 1117 1700 illa

176 1727 301 1802 3potuit
340 1729 422 1785 aliter
466 1727 577 1784 assumi
630 1726 723 1794 Quare
760 1727 784 1783 si
821 1746 878 1784 non
913 1735 1038 1784 mortuus
1074 1735 1123 1804 est⁴

210 1833 245 1873 ex
278 1815 443 1872 necessitate
477 1818 627 1885 postquam
667 1819 806 1870 assumtus
843 1820 885 1870 est
920 1813 955 1870 de
991 1812 1116 1886 Virgine,

208 1900 300 1972 potuit
323 1919 380 1956 non
403 1915 464 1957 esse
488 1905 627 1968 assumtus
652 1897 687 1953 de
706 1899 823 1972 Virgine
846 1904 995 1972 postquam
1012 1905 1055 1955 est
1072 1916 1116 1954 as-

175 1987 331 2056 isumtus3
362 1987 437 2058 quod
461 2002 518 2042 non
541 1988 584 2039 est
605 1983 744 2054 possibile.
786 1986 858 2042 Am.
894 1983 924 2041 si
947 1983 1018 2039 bene
1043 2001 1116 2056 quae

209 2088 293 2142 supra
322 2071 397 2128 dicta
425 2076 491 2126 sunt
520 2067 738 2140 considerasses,
771 2087 838 2126 sane
868 2069 1057 2141 quaestionem
1085 2069 1118 2124 iu

209 2155 279 2226 illis,
302 2160 335 2211 ut
358 2161 442 2225 puto,
467 2153 587 2208 solutam
610 2151 800 2212 intellexisses.
839 2159 914 2214 Bos.¹
945 2154 1010 2211 Non
1033 2152 1122 2208 video·

176 2246 191 2294 5
209 2239 354 2312 quomodo.
379 2241 450 2296 Ans.
467 2238 575 2303 Nonne,
596 2239 708 2310 quando
726 2241 911 2313 quaesivimus
919 2240 941 2312 ²)
958 2244 1051 2294 utrum
1067 2237 1116 2294 ille

89 2336 93 2345 ·
207 2325 319 2382 mentiri
336 2325 467 2397 potuerit,
486 2323 712 2398 monstravimus,
736 2325 766 2380 in
788 2325 947 2383 mentiendo
966 2325 1035 2380 duas
1052 2339 1115 2380 esse

207 2416 372 2482 potestates,
397 2428 481 2466 unum
497 2408 629 2465 videlieet
645 2409 759 2464 volendi
776 2412 886 2468 mentiri
904 2411 1020 2468 alteram
1040 2426 1117 2466 men·

208 2495 310 2566 fiendi,
337 2501 365 2552 et
391 2496 534 2570 qnoniam,
558 2512 622 2550 oum
643 2495 795 2551 mentiendi
810 2502 975 2568 potestatem
992 2494 1116 2566 heberet,

207 2579 260 2634 hoc
279 2597 297 2635 a
317 2581 408 2651 seipso
425 2579 525 2638 habuit
543 2586 648 2636 utnon
665 2585 761 2652 posset
780 2581 850 2638 velle
867 2579 992 2649 mentiri,
1010 2580 1119 2640 idcirco.

208 2665 244 2721 de
262 2682 315 2730 sue
333 2665 514 2739 iustitiaque
532 2665 677 2720 veritatem
696 2667 824 2738 servavit,
841 2685 906 2724 eum
922 2683 982 2723 esse
999 2666 1116 2722 laudan·

175 2750 296 2809 idum?
333 2753 402 2806 Bos.
439 2748 485 2805 Ita
512 2757 562 2807 est.
604 2752 673 2805 Ans.
709 2749 841 2810 Similiter
864 2751 956 2808 estin
980 2750 1116 2808 servando

208 2835 295 2892 vitam
310 2842 434 2912 potestas
451 2835 564 2891 volendi
575 2853 687 2892 servare
698 2841 728 2894 et
742 2828 865 2910 potestas
877 2838 1014 2892 servandi
1044 2835 1116 2892 Cum

208 2938 276 2996 ergo
292 2922 442 2998 quaeritur,
463 2924 557 2978 utrum
574 2919 649 2977 idem
667 2921 745 2978 Deus
766 2924 848 2980 homo
867 2923 990 2998 potuerit
1006 2937 1117 2980 servare

279 3077 305 3144 1)
330 3073 421 3132 Unius
443 3081 553 3132 tantum
575 3073 684 3131 Codicis
708 3074 782 3143 (Aa)
808 3076 959 3132 auotoritas
979 3059 1116 3130 Gerbero·

206 3143 285 3200 nium
302 3144 431 3216 adduxit,
455 3153 488 3201 ut
511 3145 640 3201 voculam
664 3147 729 3200 bene
752 3146 894 3201 exordium
919 3149 1055 3200 statueret
1070 3159 1117 3198 ca·

205 3211 272 3282 pitis
292 3219 332 3272 17.

276 3285 303 3348 ι)
320 3281 377 3338 cfr.
394 3281 418 3352 1,
436 3288 462 3340 e.
478 3287 503 3339 e.
528 3279 633 3352 10311,
652 3285 694 3339 ro.
713 3287 753 3338 11.

277 3352 304 3422 ³)
323 3349 416 3424 Supra
431 3368 458 3410 c.
479 3357 520 3422 to,
536 3357 614 3422 tuq.
