2638 3818
380 285 459 342 cult
473 283 711 342 budunello.
745 285 768 339 Ι.
788 291 813 341 9.
832 289 871 340 tu.
1040 287 1078 352 Π

174 455 305 512 voluntas
320 461 383 524 tua,
405 454 435 510 id
454 460 512 522 cet,
527 451 579 508 fiat
597 470 670 508 more
686 471 765 524 mea,
781 459 815 509 nt
831 455 951 511 mundae
968 454 1020 510 tibi
1037 471 1079 510 re·

174 539 340 598 concilietur.
381 540 454 596 Nem
477 555 560 610 caepe
585 539 707 610 aliquem
728 541 802 597 velle
824 538 942 594 dicimus
964 538 1078 612 aliquid,
1096 542 1130 594 26

174 613 241 698 cuia
266 643 324 682 non
345 625 407 680 uult
427 623 519 692 aliud,
546 624 622 695 quod
644 625 669 679 ni
695 625 793 694 vellet,
822 642 878 680 ncn
903 623 982 678 ficret
1006 624 1077 679 illud

175 710 250 782 quod
270 711 374 766 dicitm
391 710 478 777 velle;
498 715 530 764 ut
546 727 609 765 cum
621 709 747 780 dicimus,
763 711 842 766 illum
853 712 995 765 lucernum
1006 709 1078 765 nelle

174 797 349 867 extinguere,
376 794 424 865 qui
442 811 498 848 non
514 795 576 849 vult
589 795 740 852 tenemini
757 796 900 863 claudere,
924 811 975 865 per
993 810 1078 866 quem

173 888 272 938 ventus
298 880 387 934 intrat
409 879 457 951 qui
480 877 624 936 lucernam
645 881 792 952 extinguit
829 879 874 935 Sic
902 895 968 951 ergo
990 879 1079 936 veluit
1095 886 1128 937 27

172 966 258 1024 Pater
276 971 390 1020 mortem
409 965 490 1036 Filii,
507 965 647 1038 quianon
664 966 746 1020 aliter
764 967 853 1022 voluit
869 965 1003 1021 muudum
1024 965 1078 1019 unl-

173 1052 233 1109 vari
250 1051 304 1108 nisi
321 1049 400 1106 homo
417 1057 476 1106 tam
493 1068 627 1122 magnum
645 1051 753 1122 aliquid
765 1051 878 1120 iaceret,
899 1052 999 1106 utinm
1010 1049 1075 1105 dixi.

174 1136 258 1202 Quod
274 1135 347 1190 Filio
368 1136 472 1192 volenti
499 1137 618 1192 salutem
636 1137 779 1192 hominum
798 1137 963 1192 tantundem
980 1136 1128 1208 valuitne

173 1221 305 1293 quoniam
321 1221 374 1276 hoc
399 1221 471 1276 alius
494 1221 588 1276 facere
612 1239 670 1278 non
692 1223 817 1290 valebat,
843 1227 978 1292 quantum
995 1221 1020 1276 ui
1036 1221 1078 1276 illi

175 1306 245 1364 mori
269 1306 455 1390 praeciperem
483 1307 559 1364 unde
581 1307 629 1364 ille
652 1307 725 1362 sicut
747 1307 911 1362 mandatum
933 1306 976 1360 illi
1001 1307 1079 1362 dedit

173 1393 271 1462 Pater,
295 1393 335 1448 ric
357 1392 425 1448 facit
448 1397 478 1447 et
501 1390 617 1446 calicem
635 1409 719 1462 quem
746 1391 824 1448 dedit
841 1392 867 1448 ci
883 1392 983 1460 Pater,
1007 1390 1080 1446 bibit

176 1477 305 1534 obediens
321 1477 462 1549 usquead
478 1482 603 1533 montem

252 1630 321 1716 10.
367 1663 466 1717 Potest
490 1662 574 1719 etiam
594 1669 672 1718 recte
694 1662 827 1734 intelligi,
853 1662 920 1733 quia
937 1678 989 1733 per
1002 1662 1111 1716 illumi

173 1746 249 1818 pium
272 1747 458 1817 voluntatemn,
486 1763 543 1819 qua
567 1748 655 1803 voluit
679 1745 768 1802 Filius
790 1764 842 1818 pro
867 1747 958 1801 salute
983 1747 1080 1801 mundi

171 1833 251 1901 mori,
273 1833 352 1887 dedit
373 1832 415 1886 illi
439 1833 524 1888 Pater
548 1832 616 1904 (non
639 1840 732 1888 tamen
756 1833 892 1904 cogendo)
917 1832 1080 1886 mandatum

173 1923 201 1972 ct
217 1917 336 1972 calicem
351 1918 488 1987 partionis
512 1926 541 1973 et
565 1936 621 1974 non
636 1917 763 1990 pepercit
779 1917 835 1986 illi,
862 1917 913 1971 sed
929 1933 980 1986 pro
999 1915 1079 1970 nobis

172 2002 288 2058 tradidit
305 2003 385 2057 illum
406 2010 434 2058 et
452 2009 569 2058 mortem
591 2003 667 2057 illius
687 2002 791 2064 voluit;
820 2008 849 2057 et
870 2001 937 2072 quia
954 2001 1015 2071 ipsc
1032 1999 1078 2054 Fi·

172 2089 227 2144 lius
250 2089 382 2143 obediens
407 2088 461 2142 fuit
488 2103 578 2159 usque
604 2089 641 2142 ed
664 2095 795 2157 mortem,
822 2093 851 2143 et
869 2083 968 2142 didicit
986 2103 1019 2141 ex
1035 2085 1078 2140 hie

173 2187 246 2243 quac
269 2189 368 2242 passus
394 2179 436 2228 est
455 2172 649 2228 obedientium.
686 2173 924 2238 Quemadmodum
944 2172 1017 2228 enim
1038 2169 1113 2227 sel

173 2257 295 2312 cundum
314 2257 513 2314 humanitatem
529 2274 587 2312 non
605 2258 727 2314 habebat
747 2276 764 2313 a
781 2277 811 2314 se
823 2258 993 2313 voluntatem
1007 2258 1080 2313 iaetu

173 2345 285 2398 vivendi
302 2346 353 2398 sed
372 2361 390 2399 a
406 2344 506 2413 Patre,
531 2343 573 2398 ita
590 2359 700 2414 quoque
719 2343 796 2396 illum
813 2343 998 2410 voluntatem,
1024 2357 1080 2411 qua

174 2434 207 2482 ut
225 2436 334 2483 tantum
356 2429 460 2484 bonum
485 2426 605 2496 faceret,
629 2427 701 2482 mori
722 2427 825 2495 voluit,
846 2443 903 2482 non
925 2425 1017 2496 potuit
1031 2426 1080 2481 ha·

175 2513 310 2569 beronici
330 2531 347 2569 e
364 2514 448 2568 Patre
471 2513 619 2584 luminum,
645 2530 663 2567 a
687 2528 742 2583 quo
761 2517 804 2566 cst
820 2527 900 2566 omne
919 2511 1015 2566 datum
1033 2529 1081 2582 op-

173 2599 272 2654 timum
292 2605 320 2654 et
337 2615 417 2654 omne
437 2599 540 2654 donum
563 2597 762 2670 perfectum31)
785 2602 814 2650 et
830 2596 906 2650 sicut
921 2596 1006 2651 Pater
1023 2603 1080 2652 tra·

174 2683 241 2738 here
258 2683 350 2740 dando
367 2685 538 2740 voluntatem
556 2683 671 2749 dicitur,
696 2679 736 2734 ita
750 2697 806 2734 nou
823 2679 976 2752 incongrue
993 2681 1038 2751 lit,
1058 2682 1081 2736 ei

176 2768 317 2838 impellere
338 2770 478 2826 asseritur.
521 2769 599 2826 Sicut
623 2768 697 2824 enim
723 2764 792 2819 dicit
813 2764 901 2820 Filius
927 2769 962 2822 de
982 2767 1114 2822 Patrezd

177 2854 267 2907 Nemo
298 2856 371 2910 ceruit
399 2858 440 2910 ud
469 2873 525 2922 rue,
561 2854 619 2908 uiri
645 2854 734 2906 Pater
763 2852 879 2904 traxerit
908 2853 1011 2918 eum,²)
1042 2850 1082 2903 ita

178 2937 268 2993 dicere
297 2941 401 3011 potuit,
432 2940 487 2993 nisi
517 2937 658 3010 impulerit
690 2954 761 2992 eum.
810 2934 940 2991 Similiter
970 2940 1116 3004 quoquot

246 3127 270 3194 i)
300 3125 357 3180 cfr.
375 3125 469 3182 Iacob.
488 3130 517 3193 1,
549 3130 592 3180 17:
617 3125 701 3178 Πᾶσα
726 3121 803 3181 δόσις
830 3119 922 3208 ἀγαθὴ
950 3121 996 3172 rui
1023 3123 1082 3174 πᾶν

175 3192 295 3280 δώρημα
310 3198 378 3248 reti
382 3213 441 3250 cr
440 3165 547 3250 ’trader
566 3195 642 3248 ἐστιν
660 3197 827 3261 καταβαῖνον
847 3186 965 3242 ἀπὸτοῦ
978 3190 1082 3264 πατρὸς

176 3263 229 3318 πῶν
251 3263 360 3335 φώτων.

246 3330 392 3399 l).Ioenn
413 3337 436 3401 6
455 3337 497 3386 44.

903 3413 918 3464 2
