2638 3818
467 317 686 374 emmanue
704 317 892 378 nnmoms
988 309 990 317 ’
1116 323 1160 366 vu

204 487 285 556 haec
306 489 373 558 fere
393 497 468 558 sunt
490 509 573 572 quae
598 488 776 575 praefanda
798 511 871 560 esse
893 490 1069 558 videantur.
1111 490 1161 558 Ac
1187 557 1190 570 ,

203 575 340 675 primum
383 575 513 674 quidem
544 574 787 659 investigemus,
833 577 1024 661 quibusnam
1059 579 1160 676 cauata

203 667 336 728 mtemrs
366 666 547 726 extemrsve
574 660 731 726 adductus
752 661 790 726 A.
812 661 966 746 scriptum
987 660 1066 727 illud
1087 680 1160 726 eon-

47 841 51 848 !
146 768 148 774 ¹
203 745 323 812 feeerit
368 745 439 808 Iam
458 745 599 812 Priorem
620 746 825 833 Beecensem,
852 767 911 832 per
931 745 1026 812 fidem
1048 745 1091 810 ad
1112 744 1160 810 in-

203 831 367 906 tellectum
400 829 586 912 proficiendi
621 830 813 916 studiosum,
845 833 912 898 vim
942 831 1161 914 rationemque

204 914 315 980 mortis
338 913 455 980 Christi
483 916 624 981 vicariae
654 952 697 962 —
726 936 767 981 ex
792 937 856 1000 qua
881 916 1001 1002 pendet
1021 915 1162 980 humana

204 1000 294 1065 salus
317 1035 354 1044 -
377 1006 482 1066 mente
505 1001 661 1085 agitasse,
683 1008 773 1085 patet
794 1022 838 1081 en
857 1002 996 1085 Dialogo
1018 1000 1077 1085 „de
1099 1001 1161 1066 Ve-

204 1084 300 1148 ritate
308 1081 337 1165 ,“
363 1085 451 1149 cuius
478 1085 568 1169 origo
595 1085 629 1150 in
651 1105 770 1151 annum
792 1087 917 1152 circiter
941 1086 1023 1152 1065
1044 1090 1093 1151 est
1112 1105 1161 1150 re·

205 1167 352 1252 ferenda,
379 1169 531 1253 cuiusque
552 1170 586 1235 in
608 1170 714 1256 capite
735 1177 849 1238 octavo
871 1178 1028 1255 quatenus
1048 1169 1163 1236 eadem

205 1271 258 1317 res
278 1252 392 1319 debeat
418 1273 490 1320 erse
516 1262 549 1320 et
570 1274 633 1320 non
655 1275 728 1322 esse
750 1255 946 1339 edisserens,
975 1255 1059 1321 inter
1079 1255 1162 1321 alia:

206 1337 379 1420 „Dominus
401 1338 508 1423 Iesus,
530 1339 647 1423 iuquit,
678 1341 754 1423 quia
781 1341 868 1407 solus
899 1341 1053 1408 innocens
1083 1345 1162 1425 erat,

205 1443 270 1488 non
296 1423 405 1490 debuit
433 1431 566 1490 mortem
593 1424 662 1510 pati
694 1445 753 1492 nec
782 1427 866 1492 ullus
891 1445 962 1492 eam
984 1424 1032 1492 illi
1053 1423 1165 1490 debuit

205 1507 336 1593 inferre,
365 1515 532 1576 ettamen
561 1529 633 1576 eam
663 1509 774 1576 debuit
802 1511 888 1595 pati,
916 1511 991 1595 quia
1019 1508 1090 1594 ipse
1112 1530 1164 1576 sa·
1283 1564 1286 1569 .

204 1593 329 1678 pienter
358 1599 392 1658 et
417 1594 556 1678 benigne
582 1603 616 1660 et
643 1595 764 1661 utiliter
785 1595 885 1661 voluit
907 1615 979 1660 eam
1000 1589 1164 1660 sufferre.“

203 1677 241 1742 In
262 1677 400 1744 lectione
422 1684 530 1744 autem
550 1687 678 1763 patrum
706 1680 861 1746 ecelesiae
883 1679 1001 1746 veteris
1023 1677 1165 1764 (Hilarii,

202 1762 378 1846 Ambrosii,
399 1763 587 1847 Augustini,
609 1764 726 1831 Leonis
747 1764 799 1847 M,
823 1765 970 1848 Gregorii
991 1764 1034 1829 M.
1057 1763 1162 1849 all.)¹)

202 1867 396 1931 -quorum
416 1855 491 1932 post
512 1867 537 1914 s.
553 1848 716 1933 apostolos
738 1869 799 1915 nec
819 1869 917 1916 voees
937 1847 1029 1915 flocci
1043 1867 1164 1934 pepen-

104 1957 108 1964 ·
203 1931 250 1996 dit
271 1940 304 1997 ct
321 1933 462 2017 vestigia
482 1932 536 2019 pie
558 1934 679 2000 studuit
699 1953 844 2018 premere
858 1970 901 1980 —
915 1953 1013 2016 quum
1035 1932 1165 2000 scholae

202 2019 423 2083 monasteriali
443 2019 647 2116 praepositus
667 2020 801 2085 multum
821 2019 967 2102 sudaret,
1000 2017 1041 2083 de
1062 2017 1164 2085 notio-

203 2102 297 2167 nibus
323 2102 529 2170 redemtionis
561 2110 594 2168 et
622 2104 890 2172 reconciliationis
918 2104 1041 2170 invenit
1066 2122 1164 2188 expo-

165 2241 166 2246 ,
203 2186 282 2264 sita,
310 2187 480 2269 inquibus
506 2188 569 2256 sibi
589 2209 652 2254 non
673 2189 939 2273 acquiescendum
961 2208 1032 2256 esse
1055 2187 1165 2254 existi·

203 2272 313 2337 mavit.
371 2272 526 2350 Quamvis
561 2273 647 2339 enim
678 2289 789 2340 omnes
825 2275 900 2340 inde
931 2275 973 2340 ab
1008 2271 1164 2340 ecclesiae

203 2355 387 2440 primordiis
419 2364 518 2424 testes
550 2358 597 2424 illi
627 2357 773 2425 veritatis
808 2359 958 2443 sanguini
986 2356 1165 2424 Seivatoris

203 2462 267 2506 non
289 2442 452 2526 potuerint
479 2443 545 2507 vim
574 2463 657 2526 quae
687 2443 718 2508 ei
746 2443 879 2510 debetur
910 2441 1165 2528 propitiatoriam

205 2545 243 2590 ac
271 2526 520 2594 satisfactoriam
551 2548 615 2592 non
644 2529 834 2614 attribuere,
865 2527 923 2596 hos
950 2535 1059 2594 tamen
1087 2546 1165 2610 prae

207 2611 279 2676 aliis
300 2611 376 2678 fidei
400 2612 543 2678 articulis
572 2612 768 2678 instituenda
789 2614 823 2678 in
844 2638 953 2680 causac
974 2611 1165 2679 incarnatio

160 2737 162 2746 .
206 2694 257 2760 nis
274 2702 307 2761 et
328 2697 489 2781 passionis
512 2695 631 2763 Christi
658 2719 718 2783 per
740 2699 939 2782 eundemque
961 2703 1166 2781 comparatae

207 2775 343 2847 humano
365 2782 477 2866 generi
506 2781 620 2849 salutis
641 2785 767 2848 modum
787 2783 993 2868 inquisitione
1014 2787 1167 2849 accurata

209 2964 298 3020 dieser
315 2966 478 3038 Beziehung
496 2968 581 3023 reden
601 2968 681 3036 lucar,
696 2985 771 3022 muss
789 2949 855 3022 man
866 2981 968 3024 unoem
980 2964 1168 3024 Scholastiker

209 3033 250 3088 als
278 3036 332 3090 den
360 3045 452 3092 ersten
477 3037 519 3091 Be
556 3040 569 3051 '‘
592 3037 642 3092 der
670 3035 816 3092 desselben
844 3036 1014 3092 betrachten.
1041 3065 1075 3072 —
1102 3033 1168 3089 Von

172 3151 176 3156 .
208 3103 305 3158 keiner
327 3105 417 3162 seiner
440 3104 516 3161 Sch'
544 3123 579 3161 en
604 3107 674 3159 idest
699 3104 757 3162 sich
782 3122 812 3160 so
836 3105 899 3159 sehr
921 3106 1091 3174 behaupten,
1115 3101 1168 3158 wie

207 3188 264 3227 von
289 3172 343 3228 den
360 3171 418 3229 ΒΒ.
438 3173 494 3229 Cur
512 3173 590 3230 Deus
607 3173 712 3243 Homo,
737 3173 801 3228 dass
826 3172 866 3229 sie
889 3174 937 3228 fiir
953 3173 997 3230 die
1015 3177 1168 3245 gesammte

206 3243 312 3383 {iim
331 3241 440 3341 Frupht
453 3249 587 3316 getragen
604 3243 662 3298 und
680 3241 767 3298 ihrem
785 3242 927 3299 innersten
936 3241 1027 3297 nabeo
1045 3259 1081 3295 au
1093 3239 1169 3294 Gute

262 3327 372 3366 ommon
387 3317 449 3366 rst‘

279 3401 305 3466 ι)
324 3396 398 3454 vide
418 3395 445 3452 s
464 3398 533 3454 uns.
552 3397 749 3466 meamea
768 3394 832 3452 no.
849 3395 901 3464 ru,
920 3401 977 3458 roc.
