<?xml version="1.0" encoding="UTF-8"?>
<!DOCTYPE html PUBLIC "-//W3C//DTD XHTML 1.0 Transitional//EN"
    "http://www.w3.org/TR/xhtml1/DTD/xhtml1-transitional.dtd">
<html xmlns="http://www.w3.org/1999/xhtml" xml:lang="en" lang="en">
 <head>
  <title>
</title>
<meta http-equiv="Content-Type" content="text/html;charset=utf-8" />
  <meta name='ocr-system' content='tesseract 3.04.00' />
  <meta name='ocr-capabilities' content='ocr_page ocr_carea ocr_par ocr_line ocrx_word'/>
</head>
<body>
  <div class='ocr_page' id='page_1' title='image "./sanselmicantuar03laemgoog_0112.png"; bbox 0 0 2638 3818; ppageno 0'>
   <div class='ocr_carea' id='block_1_1' title="bbox 428 304 1115 380">
    <p class='ocr_par' dir='ltr' id='par_1_1' title="bbox 428 304 1115 380">
     <span class='ocr_line' id='line_1_1' title="bbox 428 304 1115 380; baseline 0.007 -15"><span class='ocrx_word' id='word_1_1' title='bbox 428 307 506 367; x_wconf 82' lang='lat' dir='ltr'><strong>OUB</strong></span> <span class='ocrx_word' id='word_1_2' title='bbox 522 304 623 368; x_wconf 76' lang='lat' dir='ltr'>DEUS</span> <span class='ocrx_word' id='word_1_3' title='bbox 640 309 759 367; x_wconf 82' lang='lat' dir='ltr'><strong>HOMO.</strong></span> <span class='ocrx_word' id='word_1_4' title='bbox 795 309 832 367; x_wconf 71' lang='lat' dir='ltr'><strong>n„</strong></span> <span class='ocrx_word' id='word_1_5' title='bbox 853 315 894 369; x_wconf 79' lang='lat'><strong>18.</strong></span> <span class='ocrx_word' id='word_1_6' title='bbox 1075 313 1115 380; x_wconf 79' lang='lat'><strong>87</strong></span> 
     </span>
    </p>
   </div>
   <div class='ocr_carea' id='block_1_2' title="bbox 189 480 1189 3281">
    <p class='ocr_par' dir='ltr' id='par_1_2' title="bbox 189 480 1189 3281">
     <span class='ocr_line' id='line_1_2' title="bbox 208 480 1116 553; baseline 0.004 -19"><span class='ocrx_word' id='word_1_7' title='bbox 208 484 337 550; x_wconf 74' lang='lat' dir='ltr'><strong>postest</strong></span> <span class='ocrx_word' id='word_1_8' title='bbox 354 496 411 534; x_wconf 89' lang='lat' dir='ltr'><strong>non</strong></span> <span class='ocrx_word' id='word_1_9' title='bbox 428 495 511 550; x_wconf 83' lang='lat' dir='ltr'><strong>posse</strong></span> <span class='ocrx_word' id='word_1_10' title='bbox 528 485 557 536; x_wconf 89' lang='lat' dir='ltr'><strong>et</strong></span> <span class='ocrx_word' id='word_1_11' title='bbox 579 480 772 538; x_wconf 76' lang='lat' dir='ltr'><strong>necessitatem</strong></span> <span class='ocrx_word' id='word_1_12' title='bbox 796 480 947 553; x_wconf 82' lang='lat' dir='ltr'><strong>eliquendo</strong></span> <span class='ocrx_word' id='word_1_13' title='bbox 964 481 1034 551; x_wconf 86' lang='lat' dir='ltr'><strong>diei,</strong></span> <span class='ocrx_word' id='word_1_14' title='bbox 1059 497 1116 538; x_wconf 87' lang='lat' dir='ltr'><strong>non</strong></span> 
     </span>
     <span class='ocr_line' id='line_1_3' title="bbox 209 558 1115 637; baseline 0.004 -19"><span class='ocrx_word' id='word_1_15' title='bbox 209 564 276 635; x_wconf 81' lang='lat' dir='ltr'><strong>quie</strong></span> <span class='ocrx_word' id='word_1_16' title='bbox 298 565 414 620; x_wconf 85' lang='lat' dir='ltr'><strong>suntin</strong></span> <span class='ocrx_word' id='word_1_17' title='bbox 438 564 522 619; x_wconf 81' lang='lat' dir='ltr'><strong>rebus</strong></span> <span class='ocrx_word' id='word_1_18' title='bbox 542 564 592 620; x_wconf 91' lang='lat' dir='ltr'><strong>ubi</strong></span> <span class='ocrx_word' id='word_1_19' title='bbox 615 558 759 635; x_wconf 71' lang='lat' dir='ltr'><strong>diomtir,</strong></span> <span class='ocrx_word' id='word_1_20' title='bbox 781 565 832 620; x_wconf 83' lang='lat' dir='ltr'><strong>sed</strong></span> <span class='ocrx_word' id='word_1_21' title='bbox 854 565 984 637; x_wconf 78' lang='lat' dir='ltr'><strong>quonium</strong></span> <span class='ocrx_word' id='word_1_22' title='bbox 1003 567 1115 622; x_wconf 86' lang='lat' dir='ltr'><strong>suntin</strong></span> 
     </span>
     <span class='ocr_line' id='line_1_4' title="bbox 208 649 1166 723; baseline 0.005 -19"><span class='ocrx_word' id='word_1_23' title='bbox 208 650 275 714; x_wconf 77' lang='lat' dir='ltr'><strong>elio,</strong></span> <span class='ocrx_word' id='word_1_24' title='bbox 299 650 341 705; x_wconf 77' lang='lat' dir='ltr'><strong>ite</strong></span> <span class='ocrx_word' id='word_1_25' title='bbox 363 655 391 705; x_wconf 85' lang='lat' dir='ltr'><strong>et</strong></span> <span class='ocrx_word' id='word_1_26' title='bbox 414 649 523 706; x_wconf 88' lang='lat' dir='ltr'><strong>debere.</strong></span> <span class='ocrx_word' id='word_1_27' title='bbox 560 649 669 722; x_wconf 81' lang='lat' dir='ltr'><strong>Quippe</strong></span> <span class='ocrx_word' id='word_1_28' title='bbox 694 665 758 705; x_wconf 85' lang='lat' dir='ltr'><strong>eum</strong></span> <span class='ocrx_word' id='word_1_29' title='bbox 781 649 898 706; x_wconf 80' lang='lat' dir='ltr'><strong>dicimus</strong></span> <span class='ocrx_word' id='word_1_30' title='bbox 921 650 1022 706; x_wconf 86' lang='lat' dir='ltr'><strong>debere</strong></span> <span class='ocrx_word' id='word_1_31' title='bbox 1045 659 1166 723; x_wconf 77' lang='lat' dir='ltr'><strong>peu-15</strong></span> 
     </span>
     <span class='ocr_line' id='line_1_5' title="bbox 189 733 1114 808; baseline 0.003 -18"><span class='ocrx_word' id='word_1_32' title='bbox 189 733 288 806; x_wconf 72' lang='lat' dir='ltr'><strong>speres</strong></span> <span class='ocrx_word' id='word_1_33' title='bbox 311 751 330 790; x_wconf 82' lang='lat' dir='ltr'><strong>e</strong></span> <span class='ocrx_word' id='word_1_34' title='bbox 355 733 489 789; x_wconf 75' lang='lat' dir='ltr'><strong>divitibus</strong></span> <span class='ocrx_word' id='word_1_35' title='bbox 512 735 715 808; x_wconf 69' lang='lat' dir='ltr'><strong>eleemosynam</strong></span> <span class='ocrx_word' id='word_1_36' title='bbox 736 735 876 807; x_wconf 77' lang='lat' dir='ltr'><strong>eeeipere,</strong></span> <span class='ocrx_word' id='word_1_37' title='bbox 899 751 955 791; x_wconf 87' lang='lat' dir='ltr'><strong>non</strong></span> <span class='ocrx_word' id='word_1_38' title='bbox 977 740 1020 790; x_wconf 83' lang='lat' dir='ltr'><strong>est</strong></span> <span class='ocrx_word' id='word_1_39' title='bbox 1037 736 1114 792; x_wconf 80' lang='lat' dir='ltr'><strong>eliud</strong></span> 
     </span>
     <span class='ocr_line' id='line_1_6' title="bbox 206 820 1114 894; baseline 0.002 -19"><span class='ocrx_word' id='word_1_40' title='bbox 206 837 292 892; x_wconf 81' lang='lat' dir='ltr'><strong>quem</strong></span> <span class='ocrx_word' id='word_1_41' title='bbox 321 820 420 876; x_wconf 83' lang='lat' dir='ltr'><strong>divites</strong></span> <span class='ocrx_word' id='word_1_42' title='bbox 450 820 551 877; x_wconf 87' lang='lat' dir='ltr'><strong>debere</strong></span> <span class='ocrx_word' id='word_1_43' title='bbox 579 821 749 894; x_wconf 73' lang='lat' dir='ltr'>pauperibus</span> <span class='ocrx_word' id='word_1_44' title='bbox 780 820 984 892; x_wconf 76' lang='lat' dir='ltr'><strong>eleemosynam</strong></span> <span class='ocrx_word' id='word_1_45' title='bbox 1009 821 1114 892; x_wconf 87' lang='lat' dir='ltr'><strong>impen-</strong></span> 
     </span>
     <span class='ocr_line' id='line_1_7' title="bbox 207 903 1115 979; baseline 0.004 -21"><span class='ocrx_word' id='word_1_46' title='bbox 207 905 287 974; x_wconf 83' lang='lat' dir='ltr'><strong>dere3</strong></span> <span class='ocrx_word' id='word_1_47' title='bbox 323 903 375 959; x_wconf 85' lang='lat' dir='ltr'><strong>hoe</strong></span> <span class='ocrx_word' id='word_1_48' title='bbox 407 922 528 979; x_wconf 78' lang='lat' dir='ltr'><strong>nemque</strong></span> <span class='ocrx_word' id='word_1_49' title='bbox 566 907 693 964; x_wconf 88' lang='lat' dir='ltr'><strong>debitum</strong></span> <span class='ocrx_word' id='word_1_50' title='bbox 728 924 785 962; x_wconf 92' lang='lat' dir='ltr'><strong>non</strong></span> <span class='ocrx_word' id='word_1_51' title='bbox 822 910 865 962; x_wconf 85' lang='lat' dir='ltr'><strong>est</strong></span> <span class='ocrx_word' id='word_1_52' title='bbox 900 905 1068 978; x_wconf 81' lang='lat' dir='ltr'><strong>exigendum</strong></span> <span class='ocrx_word' id='word_1_53' title='bbox 1096 923 1115 962; x_wconf 82' lang='lat' dir='ltr'><strong>e</strong></span> 
     </span>
     <span class='ocr_line' id='line_1_8' title="bbox 206 989 1167 1064; baseline -0.001 -20"><span class='ocrx_word' id='word_1_54' title='bbox 206 1004 330 1060; x_wconf 79' lang='lat' dir='ltr'><strong>paupere</strong></span> <span class='ocrx_word' id='word_1_55' title='bbox 358 989 408 1044; x_wconf 85' lang='lat' dir='ltr'><strong>sed</strong></span> <span class='ocrx_word' id='word_1_56' title='bbox 434 1007 452 1045; x_wconf 86' lang='lat' dir='ltr'><strong>e</strong></span> <span class='ocrx_word' id='word_1_57' title='bbox 478 992 572 1049; x_wconf 80' lang='lat' dir='ltr'><strong>divite.</strong></span> <span class='ocrx_word' id='word_1_58' title='bbox 617 992 695 1048; x_wconf 80' lang='lat' dir='ltr'><strong>Deus</strong></span> <span class='ocrx_word' id='word_1_59' title='bbox 720 1009 830 1064; x_wconf 87' lang='lat' dir='ltr'><strong>quoque</strong></span> <span class='ocrx_word' id='word_1_60' title='bbox 857 992 960 1047; x_wconf 85' lang='lat' dir='ltr'><strong>dieitur</strong></span> <span class='ocrx_word' id='word_1_61' title='bbox 987 991 1114 1047; x_wconf 82' lang='lat' dir='ltr'><strong>omnibus</strong></span> <span class='ocrx_word' id='word_1_62' title='bbox 1134 991 1167 1044; x_wconf 85' lang='grc'><strong>16</strong></span> 
     </span>
     <span class='ocr_line' id='line_1_9' title="bbox 208 1074 1115 1150; baseline 0.004 -22"><span class='ocrx_word' id='word_1_63' title='bbox 208 1074 309 1130; x_wconf 89' lang='lat' dir='ltr'><strong>debere</strong></span> <span class='ocrx_word' id='word_1_64' title='bbox 331 1091 473 1148; x_wconf 69' lang='lat' dir='ltr'><strong>praeesse,</strong></span> <span class='ocrx_word' id='word_1_65' title='bbox 503 1095 560 1133; x_wconf 90' lang='lat' dir='ltr'><strong>nou</strong></span> <span class='ocrx_word' id='word_1_66' title='bbox 591 1077 658 1148; x_wconf 83' lang='lat' dir='ltr'><strong>quie</strong></span> <span class='ocrx_word' id='word_1_67' title='bbox 684 1077 733 1131; x_wconf 92' lang='lat' dir='ltr'><strong>ille</strong></span> <span class='ocrx_word' id='word_1_68' title='bbox 749 1076 779 1131; x_wconf 90' lang='lat' dir='ltr'><strong>in</strong></span> <span class='ocrx_word' id='word_1_69' title='bbox 796 1076 849 1132; x_wconf 87' lang='lat' dir='ltr'><strong>hoe</strong></span> <span class='ocrx_word' id='word_1_70' title='bbox 866 1077 961 1150; x_wconf 71' lang='lat' dir='ltr'><strong>aliquo</strong></span> <span class='ocrx_word' id='word_1_71' title='bbox 978 1078 1061 1134; x_wconf 92' lang='lat' dir='ltr'><strong>modo</strong></span> <span class='ocrx_word' id='word_1_72' title='bbox 1079 1078 1115 1132; x_wconf 85' lang='lat' dir='ltr'><strong>sit</strong></span> 
     </span>
     <span class='ocr_line' id='line_1_10' title="bbox 208 1159 1114 1234; baseline 0.007 -22"><span class='ocrx_word' id='word_1_73' title='bbox 208 1159 325 1229; x_wconf 88' lang='lat' dir='ltr'><strong>debitor,</strong></span> <span class='ocrx_word' id='word_1_74' title='bbox 349 1161 545 1234; x_wconf 76' lang='lat' dir='ltr'><strong>sedquoniam</strong></span> <span class='ocrx_word' id='word_1_75' title='bbox 569 1163 662 1219; x_wconf 80' lang='lat' dir='ltr'><strong>omnio</strong></span> <span class='ocrx_word' id='word_1_76' title='bbox 686 1161 789 1216; x_wconf 88' lang='lat' dir='ltr'><strong>debent</strong></span> <span class='ocrx_word' id='word_1_77' title='bbox 805 1159 846 1214; x_wconf 94' lang='lat' dir='ltr'><strong>illi</strong></span> <span class='ocrx_word' id='word_1_78' title='bbox 867 1161 997 1233; x_wconf 84' lang='lat' dir='ltr'><strong>subesse,</strong></span> <span class='ocrx_word' id='word_1_79' title='bbox 1022 1169 1051 1218; x_wconf 90' lang='lat' dir='ltr'><strong>et</strong></span> <span class='ocrx_word' id='word_1_80' title='bbox 1067 1164 1114 1218; x_wconf 88' lang='lat' dir='ltr'><strong>de-</strong></span> 
     </span>
     <span class='ocr_line' id='line_1_11' title="bbox 207 1243 1114 1319; baseline 0.002 -19"><span class='ocrx_word' id='word_1_81' title='bbox 207 1243 273 1300; x_wconf 87' lang='lat' dir='ltr'><strong>bere</strong></span> <span class='ocrx_word' id='word_1_82' title='bbox 296 1245 389 1302; x_wconf 82' lang='lat' dir='ltr'><strong>fecere</strong></span> <span class='ocrx_word' id='word_1_83' title='bbox 414 1247 489 1319; x_wconf 90' lang='lat' dir='ltr'><strong>quod</strong></span> <span class='ocrx_word' id='word_1_84' title='bbox 512 1246 585 1316; x_wconf 86' lang='lat' dir='ltr'><strong>vult,</strong></span> <span class='ocrx_word' id='word_1_85' title='bbox 610 1246 740 1319; x_wconf 79' lang='lat' dir='ltr'><strong>quoniam</strong></span> <span class='ocrx_word' id='word_1_86' title='bbox 765 1247 840 1318; x_wconf 90' lang='lat' dir='ltr'><strong>quod</strong></span> <span class='ocrx_word' id='word_1_87' title='bbox 864 1247 1026 1302; x_wconf 70' lang='lat' dir='ltr'><strong>vult&#39;debet</strong></span> <span class='ocrx_word' id='word_1_88' title='bbox 1045 1263 1114 1304; x_wconf 84' lang='lat' dir='ltr'><strong>esse.</strong></span> 
     </span>
     <span class='ocr_line' id='line_1_12' title="bbox 208 1329 1166 1403; baseline 0.005 -18"><span class='ocrx_word' id='word_1_89' title='bbox 208 1329 254 1386; x_wconf 80' lang='lat' dir='ltr'><strong>Ite</strong></span> <span class='ocrx_word' id='word_1_90' title='bbox 274 1333 384 1403; x_wconf 75' lang='lat' dir='ltr'><strong>quondo</strong></span> <span class='ocrx_word' id='word_1_91' title='bbox 401 1331 463 1387; x_wconf 84' lang='lat' dir='ltr'><strong>vult</strong></span> <span class='ocrx_word' id='word_1_92' title='bbox 478 1330 574 1403; x_wconf 76' lang='lat' dir='ltr'><strong>alique</strong></span> <span class='ocrx_word' id='word_1_93' title='bbox 596 1338 725 1388; x_wconf 75' lang='lat' dir='ltr'><strong>ereatura</strong></span> <span class='ocrx_word' id='word_1_94' title='bbox 746 1329 852 1399; x_wconf 78' lang='lat' dir='ltr'><strong>iecere,</strong></span> <span class='ocrx_word' id='word_1_95' title='bbox 880 1331 955 1400; x_wconf 87' lang='lat' dir='ltr'><strong>quod</strong></span> <span class='ocrx_word' id='word_1_96' title='bbox 972 1349 1054 1387; x_wconf 90' lang='lat' dir='ltr'><strong>suum</strong></span> <span class='ocrx_word' id='word_1_97' title='bbox 1072 1340 1115 1390; x_wconf 81' lang='lat' dir='ltr'><strong>eet</strong></span> <span class='ocrx_word' id='word_1_98' title='bbox 1133 1330 1166 1382; x_wconf 70' lang='lat'><strong>11</strong></span> 
     </span>
     <span class='ocr_line' id='line_1_13' title="bbox 208 1415 1113 1490; baseline 0.001 -18"><span class='ocrx_word' id='word_1_99' title='bbox 208 1415 300 1474; x_wconf 74' lang='lat' dir='ltr'><strong>faeere</strong></span> <span class='ocrx_word' id='word_1_100' title='bbox 323 1421 351 1474; x_wconf 89' lang='lat' dir='ltr'><strong>et</strong></span> <span class='ocrx_word' id='word_1_101' title='bbox 374 1435 431 1472; x_wconf 90' lang='lat' dir='ltr'><strong>non</strong></span> <span class='ocrx_word' id='word_1_102' title='bbox 450 1416 557 1486; x_wconf 68' lang='lat' dir='ltr'><strong>feeere3</strong></span> <span class='ocrx_word' id='word_1_103' title='bbox 582 1416 684 1473; x_wconf 86' lang='lat' dir='ltr'><strong>dieitur</strong></span> <span class='ocrx_word' id='word_1_104' title='bbox 707 1415 809 1472; x_wconf 86' lang='lat' dir='ltr'><strong>debere</strong></span> <span class='ocrx_word' id='word_1_105' title='bbox 826 1415 933 1488; x_wconf 80' lang='lat' dir='ltr'><strong>faeere,</strong></span> <span class='ocrx_word' id='word_1_106' title='bbox 956 1417 1023 1488; x_wconf 81' lang='lat' dir='ltr'><strong>quie</strong></span> <span class='ocrx_word' id='word_1_107' title='bbox 1039 1419 1113 1490; x_wconf 87' lang='lat' dir='ltr'><strong>quod</strong></span> 
     </span>
     <span class='ocr_line' id='line_1_14' title="bbox 206 1502 1168 1574; baseline -0.002 -18"><span class='ocrx_word' id='word_1_108' title='bbox 206 1502 269 1572; x_wconf 85' lang='lat' dir='ltr'><strong>ipse</strong></span> <span class='ocrx_word' id='word_1_109' title='bbox 284 1503 346 1558; x_wconf 84' lang='lat' dir='ltr'><strong>vult</strong></span> <span class='ocrx_word' id='word_1_110' title='bbox 362 1503 446 1559; x_wconf 90' lang='lat' dir='ltr'><strong>debet</strong></span> <span class='ocrx_word' id='word_1_111' title='bbox 463 1519 531 1558; x_wconf 74' lang='lat' dir='ltr'><strong>esse.</strong></span> <span class='ocrx_word' id='word_1_112' title='bbox 567 1502 703 1557; x_wconf 79' lang='lat' dir='ltr'><strong>Dominus</strong></span> <span class='ocrx_word' id='word_1_113' title='bbox 728 1503 822 1574; x_wconf 76' lang='lat' dir='ltr'><strong>itaque</strong></span> <span class='ocrx_word' id='word_1_114' title='bbox 841 1502 936 1572; x_wconf 81' lang='lat' dir='ltr'><strong>Iesus,</strong></span> <span class='ocrx_word' id='word_1_115' title='bbox 960 1519 1024 1558; x_wconf 87' lang='lat' dir='ltr'><strong>eum</strong></span> <span class='ocrx_word' id='word_1_116' title='bbox 1043 1521 1113 1560; x_wconf 88' lang='lat' dir='ltr'><strong>mor·</strong></span> <span class='ocrx_word' id='word_1_117' title='bbox 1131 1502 1168 1560; x_wconf 74' lang='lat' dir='ltr'><strong>te</strong></span> 
     </span>
     <span class='ocr_line' id='line_1_15' title="bbox 206 1585 1114 1658; baseline 0.008 -19"><span class='ocrx_word' id='word_1_118' title='bbox 206 1591 264 1640; x_wconf 87' lang='lat' dir='ltr'><strong>tem</strong></span> <span class='ocrx_word' id='word_1_119' title='bbox 279 1585 361 1655; x_wconf 86' lang='lat' dir='ltr'><strong>(sieut</strong></span> <span class='ocrx_word' id='word_1_120' title='bbox 378 1588 508 1656; x_wconf 74' lang='lat' dir='ltr'><strong>diximum)</strong></span> <span class='ocrx_word' id='word_1_121' title='bbox 526 1588 662 1644; x_wconf 83' lang='lat' dir='ltr'><strong>sustinere</strong></span> <span class='ocrx_word' id='word_1_122' title='bbox 676 1588 780 1656; x_wconf 75' lang='lat' dir='ltr'><strong>voluit,</strong></span> <span class='ocrx_word' id='word_1_123' title='bbox 806 1589 937 1658; x_wconf 78' lang='lat' dir='ltr'><strong>quoniam</strong></span> <span class='ocrx_word' id='word_1_124' title='bbox 955 1605 1037 1645; x_wconf 84' lang='lat' dir='ltr'><strong>suum</strong></span> <span class='ocrx_word' id='word_1_125' title='bbox 1055 1597 1114 1646; x_wconf 87' lang='lat' dir='ltr'><strong>eret</strong></span> 
     </span>
     <span class='ocr_line' id='line_1_16' title="bbox 191 1672 1113 1746; baseline 0.004 -20"><span class='ocrx_word' id='word_1_126' title='bbox 191 1677 237 1741; x_wconf 51' lang='lat' dir='ltr'><strong>¹et</strong></span> <span class='ocrx_word' id='word_1_127' title='bbox 252 1672 312 1744; x_wconf 84' lang='lat' dir='ltr'><strong>peti</strong></span> <span class='ocrx_word' id='word_1_128' title='bbox 330 1679 359 1728; x_wconf 86' lang='lat' dir='ltr'><strong>et</strong></span> <span class='ocrx_word' id='word_1_129' title='bbox 377 1689 434 1728; x_wconf 91' lang='lat' dir='ltr'><strong>nou</strong></span> <span class='ocrx_word' id='word_1_130' title='bbox 450 1673 519 1744; x_wconf 83' lang='lat' dir='ltr'><strong>peti,</strong></span> <span class='ocrx_word' id='word_1_131' title='bbox 536 1673 634 1728; x_wconf 79' lang='lat' dir='ltr'><strong>debuit</strong></span> <span class='ocrx_word' id='word_1_132' title='bbox 650 1673 742 1730; x_wconf 81' lang='lat' dir='ltr'><strong>iecere</strong></span> <span class='ocrx_word' id='word_1_133' title='bbox 760 1673 836 1746; x_wconf 86' lang='lat' dir='ltr'><strong>quod</strong></span> <span class='ocrx_word' id='word_1_134' title='bbox 851 1673 933 1742; x_wconf 83' lang='lat' dir='ltr'><strong>feeit,</strong></span> <span class='ocrx_word' id='word_1_135' title='bbox 953 1673 1021 1744; x_wconf 78' lang='lat' dir='ltr'><strong>quia</strong></span> <span class='ocrx_word' id='word_1_136' title='bbox 1038 1675 1113 1745; x_wconf 90' lang='lat' dir='ltr'><strong>quod</strong></span> 
     </span>
     <span class='ocr_line' id='line_1_17' title="bbox 206 1755 1113 1828; baseline 0 -16"><span class='ocrx_word' id='word_1_137' title='bbox 206 1757 295 1812; x_wconf 85' lang='lat' dir='ltr'><strong>voluit</strong></span> <span class='ocrx_word' id='word_1_138' title='bbox 319 1757 381 1812; x_wconf 78' lang='lat' dir='ltr'><strong>lieri</strong></span> <span class='ocrx_word' id='word_1_139' title='bbox 407 1758 518 1828; x_wconf 85' lang='lat' dir='ltr'><strong>debuit,</strong></span> <span class='ocrx_word' id='word_1_140' title='bbox 541 1762 572 1814; x_wconf 87' lang='lat' dir='ltr'><strong>et</strong></span> <span class='ocrx_word' id='word_1_141' title='bbox 593 1775 651 1814; x_wconf 90' lang='lat' dir='ltr'><strong>uon</strong></span> <span class='ocrx_word' id='word_1_142' title='bbox 672 1758 770 1814; x_wconf 78' lang='lat' dir='ltr'><strong>debuit</strong></span> <span class='ocrx_word' id='word_1_143' title='bbox 786 1757 890 1825; x_wconf 71' lang='lat' dir='ltr'><strong>faeere,</strong></span> <span class='ocrx_word' id='word_1_144' title='bbox 918 1757 984 1828; x_wconf 84' lang='lat' dir='ltr'><strong>quie</strong></span> <span class='ocrx_word' id='word_1_145' title='bbox 1002 1773 1060 1812; x_wconf 91' lang='lat' dir='ltr'><strong>non</strong></span> <span class='ocrx_word' id='word_1_146' title='bbox 1080 1755 1113 1813; x_wconf 83' lang='lat' dir='ltr'><strong>e&#39;x</strong></span> 
     </span>
     <span class='ocr_line' id='line_1_18' title="bbox 206 1841 1167 1916; baseline 0.002 -20"><span class='ocrx_word' id='word_1_147' title='bbox 206 1843 310 1899; x_wconf 87' lang='lat' dir='ltr'><strong>debito.</strong></span> <span class='ocrx_word' id='word_1_148' title='bbox 346 1843 453 1914; x_wconf 88' lang='lat' dir='ltr'><strong>Nempe</strong></span> <span class='ocrx_word' id='word_1_149' title='bbox 481 1845 611 1916; x_wconf 81' lang='lat' dir='ltr'><strong>quoniam</strong></span> <span class='ocrx_word' id='word_1_150' title='bbox 633 1845 694 1916; x_wconf 88' lang='lat' dir='ltr'><strong>ipse</strong></span> <span class='ocrx_word' id='word_1_151' title='bbox 718 1844 793 1899; x_wconf 87' lang='lat' dir='ltr'><strong>idem</strong></span> <span class='ocrx_word' id='word_1_152' title='bbox 815 1847 859 1898; x_wconf 85' lang='lat' dir='ltr'><strong>ert</strong></span> <span class='ocrx_word' id='word_1_153' title='bbox 878 1841 956 1897; x_wconf 80' lang='lat' dir='ltr'><strong>Deus</strong></span> <span class='ocrx_word' id='word_1_154' title='bbox 975 1848 1004 1897; x_wconf 88' lang='lat' dir='ltr'><strong>et</strong></span> <span class='ocrx_word' id='word_1_155' title='bbox 1020 1842 1112 1915; x_wconf 90' lang='lat' dir='ltr'><strong>homo,</strong></span> <span class='ocrx_word' id='word_1_156' title='bbox 1132 1853 1167 1906; x_wconf 75' lang='lat'><strong>19</strong></span> 
     </span>
     <span class='ocr_line' id='line_1_19' title="bbox 206 1928 1114 2002; baseline -0.001 -16"><span class='ocrx_word' id='word_1_157' title='bbox 206 1929 359 1986; x_wconf 71' lang='lat' dir='ltr'><strong>seeundum</strong></span> <span class='ocrx_word' id='word_1_158' title='bbox 382 1928 531 1984; x_wconf 72' lang='lat' dir='ltr'><strong>humanum</strong></span> <span class='ocrx_word' id='word_1_159' title='bbox 548 1929 662 2002; x_wconf 86' lang='lat' dir='ltr'><strong>quidem</strong></span> <span class='ocrx_word' id='word_1_160' title='bbox 686 1935 814 1985; x_wconf 75' lang='lat' dir='ltr'><strong>naturam</strong></span> <span class='ocrx_word' id='word_1_161' title='bbox 834 1943 941 1997; x_wconf 86' lang='lat' dir='ltr'><strong>exque</strong></span> <span class='ocrx_word' id='word_1_162' title='bbox 959 1929 1014 1984; x_wconf 80' lang='lat' dir='ltr'><strong>fnit</strong></span> <span class='ocrx_word' id='word_1_163' title='bbox 1032 1929 1114 1985; x_wconf 87' lang='lat' dir='ltr'><strong>homo</strong></span> 
     </span>
     <span class='ocr_line' id='line_1_20' title="bbox 206 2011 1114 2087; baseline 0.001 -19"><span class='ocrx_word' id='word_1_164' title='bbox 206 2013 246 2069; x_wconf 86' lang='lat' dir='ltr'><strong>sie</strong></span> <span class='ocrx_word' id='word_1_165' title='bbox 266 2014 411 2084; x_wconf 85' lang='lat' dir='ltr'><strong>eeoepite</strong></span> <span class='ocrx_word' id='word_1_166' title='bbox 434 2014 529 2070; x_wconf 87' lang='lat' dir='ltr'><strong>divine</strong></span> <span class='ocrx_word' id='word_1_167' title='bbox 557 2022 671 2085; x_wconf 77' lang='lat' dir='ltr'><strong>nutura,</strong></span> <span class='ocrx_word' id='word_1_168' title='bbox 698 2030 770 2087; x_wconf 78' lang='lat' dir='ltr'><strong>quoe</strong></span> <span class='ocrx_word' id='word_1_169' title='bbox 794 2011 909 2070; x_wconf 72' lang='lat' dir='ltr'><strong>aliaest</strong></span> <span class='ocrx_word' id='word_1_170' title='bbox 926 2015 962 2070; x_wconf 85' lang='lat' dir='ltr'><strong>eb</strong></span> <span class='ocrx_word' id='word_1_171' title='bbox 982 2014 1114 2084; x_wconf 80' lang='lat' dir='ltr'><strong>homene,</strong></span> 
     </span>
     <span class='ocr_line' id='line_1_21' title="bbox 206 2098 1115 2171; baseline -0.002 -15"><span class='ocrx_word' id='word_1_172' title='bbox 206 2116 266 2156; x_wconf 79' lang='lat' dir='ltr'><strong>esse</strong></span> <span class='ocrx_word' id='word_1_173' title='bbox 285 2118 366 2155; x_wconf 82' lang='lat' dir='ltr'><strong>suum</strong></span> <span class='ocrx_word' id='word_1_174' title='bbox 383 2099 520 2171; x_wconf 85' lang='lat' dir='ltr'><strong>quidquid</strong></span> <span class='ocrx_word' id='word_1_175' title='bbox 538 2098 674 2170; x_wconf 74' lang='lat' dir='ltr'><strong>habebut,</strong></span> <span class='ocrx_word' id='word_1_176' title='bbox 697 2106 730 2155; x_wconf 83' lang='lat' dir='ltr'><strong>ut</strong></span> <span class='ocrx_word' id='word_1_177' title='bbox 755 2099 826 2155; x_wconf 87' lang='lat' dir='ltr'><strong>nihil</strong></span> <span class='ocrx_word' id='word_1_178' title='bbox 844 2099 959 2156; x_wconf 79' lang='lat' dir='ltr'><strong>deberet</strong></span> <span class='ocrx_word' id='word_1_179' title='bbox 976 2101 1043 2156; x_wconf 87' lang='lat' dir='ltr'><strong>dere</strong></span> <span class='ocrx_word' id='word_1_180' title='bbox 1059 2100 1115 2154; x_wconf 85' lang='lat' dir='ltr'><strong>nisi</strong></span> 
     </span>
     <span class='ocr_line' id='line_1_22' title="bbox 206 2177 1114 2259; baseline 0.002 -20"><span class='ocrx_word' id='word_1_181' title='bbox 206 2185 281 2254; x_wconf 86' lang='lat' dir='ltr'><strong>quod</strong></span> <span class='ocrx_word' id='word_1_182' title='bbox 296 2184 424 2253; x_wconf 78' lang='lat' dir='ltr'><strong>volebat3</strong></span> <span class='ocrx_word' id='word_1_183' title='bbox 449 2185 601 2240; x_wconf 76' lang='lat' dir='ltr'><strong>seeundum</strong></span> <span class='ocrx_word' id='word_1_184' title='bbox 615 2201 762 2256; x_wconf 78' lang='lat' dir='ltr'><strong>personum</strong></span> <span class='ocrx_word' id='word_1_185' title='bbox 778 2203 844 2241; x_wconf 85' lang='lat' dir='ltr'><strong>vero</strong></span> <span class='ocrx_word' id='word_1_186' title='bbox 861 2177 901 2238; x_wconf 76' lang='lat' dir='ltr'><strong>rie</strong></span> <span class='ocrx_word' id='word_1_187' title='bbox 921 2204 939 2242; x_wconf 80' lang='lat' dir='ltr'><strong>a</strong></span> <span class='ocrx_word' id='word_1_188' title='bbox 956 2186 1047 2259; x_wconf 88' lang='lat' dir='ltr'><strong>seipso</strong></span> <span class='ocrx_word' id='word_1_189' title='bbox 1065 2186 1114 2241; x_wconf 80' lang='lat' dir='ltr'><strong>he·</strong></span> 
     </span>
     <span class='ocr_line' id='line_1_23' title="bbox 204 2270 1115 2343; baseline 0.002 -18"><span class='ocrx_word' id='word_1_190' title='bbox 204 2270 290 2326; x_wconf 84' lang='lat' dir='ltr'><strong>bebet</strong></span> <span class='ocrx_word' id='word_1_191' title='bbox 322 2270 397 2342; x_wconf 90' lang='lat' dir='ltr'><strong>quod</strong></span> <span class='ocrx_word' id='word_1_192' title='bbox 425 2270 576 2337; x_wconf 76' lang='lat' dir='ltr'><strong>hebebat¹i</strong></span> <span class='ocrx_word' id='word_1_193' title='bbox 606 2275 635 2326; x_wconf 89' lang='lat' dir='ltr'><strong>et</strong></span> <span class='ocrx_word' id='word_1_194' title='bbox 666 2271 706 2327; x_wconf 85' lang='lat' dir='ltr'><strong>sio</strong></span> <span class='ocrx_word' id='word_1_195' title='bbox 738 2271 861 2343; x_wconf 76' lang='lat' dir='ltr'><strong>perfeeto</strong></span> <span class='ocrx_word' id='word_1_196' title='bbox 879 2273 946 2340; x_wconf 71' lang='lat' dir='ltr'><strong>{sibi</strong></span> <span class='ocrx_word' id='word_1_197' title='bbox 974 2273 1115 2328; x_wconf 79' lang='lat' dir='ltr'><strong>sufficiens</strong></span> 
     </span>
     <span class='ocr_line' id='line_1_24' title="bbox 209 2356 1113 2428; baseline 0.002 -18"><span class='ocrx_word' id='word_1_198' title='bbox 209 2362 281 2425; x_wconf 82' lang='lat' dir='ltr'><strong>eret,</strong></span> <span class='ocrx_word' id='word_1_199' title='bbox 304 2359 337 2411; x_wconf 93' lang='lat' dir='ltr'><strong>ut</strong></span> <span class='ocrx_word' id='word_1_200' title='bbox 353 2372 407 2410; x_wconf 88' lang='lat' dir='ltr'><strong>nee</strong></span> <span class='ocrx_word' id='word_1_201' title='bbox 431 2356 480 2412; x_wconf 83' lang='lat' dir='ltr'><strong>elii</strong></span> <span class='ocrx_word' id='word_1_202' title='bbox 503 2356 654 2428; x_wconf 75' lang='lat' dir='ltr'><strong>quiequam</strong></span> <span class='ocrx_word' id='word_1_203' title='bbox 676 2357 829 2414; x_wconf 83' lang='lat' dir='ltr'><strong>retribuere</strong></span> <span class='ocrx_word' id='word_1_204' title='bbox 852 2357 980 2427; x_wconf 87' lang='lat' dir='ltr'><strong>deberet,</strong></span> <span class='ocrx_word' id='word_1_205' title='bbox 1003 2374 1055 2414; x_wconf 89' lang='lat' dir='ltr'><strong>neo</strong></span> <span class='ocrx_word' id='word_1_206' title='bbox 1080 2363 1113 2412; x_wconf 89' lang='lat' dir='ltr'><strong>ut</strong></span> 
     </span>
     <span class='ocr_line' id='line_1_25' title="bbox 206 2437 1164 2515; baseline 0.004 -21"><span class='ocrx_word' id='word_1_207' title='bbox 206 2440 260 2497; x_wconf 85' lang='lat' dir='ltr'><strong>sibi</strong></span> <span class='ocrx_word' id='word_1_208' title='bbox 286 2441 484 2497; x_wconf 83' lang='lat' dir='ltr'><strong>retribueretur</strong></span> <span class='ocrx_word' id='word_1_209' title='bbox 511 2442 577 2498; x_wconf 81' lang='lat' dir='ltr'><strong>dere</strong></span> <span class='ocrx_word' id='word_1_210' title='bbox 603 2443 750 2515; x_wconf 79' lang='lat' dir='ltr'><strong>indigeret.</strong></span> <span class='ocrx_word' id='word_1_211' title='bbox 798 2445 867 2497; x_wconf 79' lang='lat' dir='ltr'><strong>Boe.</strong></span> <span class='ocrx_word' id='word_1_212' title='bbox 902 2442 1009 2513; x_wconf 86' lang='lat' dir='ltr'><strong>Aperte</strong></span> <span class='ocrx_word' id='word_1_213' title='bbox 1033 2459 1109 2498; x_wconf 85' lang='lat' dir='ltr'><strong>nune</strong></span> <span class='ocrx_word' id='word_1_214' title='bbox 1131 2437 1164 2492; x_wconf 80' lang='lat'><strong>²⁰</strong></span> 
     </span>
     <span class='ocr_line' id='line_1_26' title="bbox 206 2519 1189 2599; baseline 0.002 -20"><span class='ocrx_word' id='word_1_215' title='bbox 206 2525 303 2596; x_wconf 84' lang='lat' dir='ltr'><strong>rideo,</strong></span> <span class='ocrx_word' id='word_1_216' title='bbox 327 2526 393 2597; x_wconf 78' lang='lat' dir='ltr'><strong>quie</strong></span> <span class='ocrx_word' id='word_1_217' title='bbox 418 2527 497 2582; x_wconf 82' lang='lat' dir='ltr'><strong>nulle</strong></span> <span class='ocrx_word' id='word_1_218' title='bbox 512 2529 621 2584; x_wconf 87' lang='lat' dir='ltr'><strong>retione</strong></span> <span class='ocrx_word' id='word_1_219' title='bbox 639 2529 761 2599; x_wconf 83' lang='lat' dir='ltr'><strong>seipsum</strong></span> <span class='ocrx_word' id='word_1_220' title='bbox 777 2527 858 2583; x_wconf 85' lang='lat' dir='ltr'><strong>morti</strong></span> <span class='ocrx_word' id='word_1_221' title='bbox 875 2543 908 2583; x_wconf 84' lang='lat' dir='ltr'><strong>er</strong></span> <span class='ocrx_word' id='word_1_222' title='bbox 927 2526 1034 2598; x_wconf 88' lang='lat' dir='ltr'><strong>debito,</strong></span> <span class='ocrx_word' id='word_1_223' title='bbox 1060 2527 1113 2581; x_wconf 86' lang='lat' dir='ltr'><strong>sio·</strong></span> <span class='ocrx_word' id='word_1_224' title='bbox 1187 2519 1189 2526; x_wconf 72' lang='grc'>’</span> 
     </span>
     <span class='ocr_line' id='line_1_27' title="bbox 206 2611 1111 2683; baseline 0 -17"><span class='ocrx_word' id='word_1_225' title='bbox 206 2617 240 2666; x_wconf 87' lang='lat' dir='ltr'><strong>ut</strong></span> <span class='ocrx_word' id='word_1_226' title='bbox 264 2611 336 2666; x_wconf 84' lang='lat' dir='ltr'><strong>retio</strong></span> <span class='ocrx_word' id='word_1_227' title='bbox 361 2611 424 2669; x_wconf 87' lang='lat' dir='ltr'><strong>mee</strong></span> <span class='ocrx_word' id='word_1_228' title='bbox 450 2612 599 2668; x_wconf 76' lang='lat' dir='ltr'><strong>ridebatur</strong></span> <span class='ocrx_word' id='word_1_229' title='bbox 623 2619 794 2683; x_wconf 73' lang='lat' dir='ltr'><strong>monstrare,</strong></span> <span class='ocrx_word' id='word_1_230' title='bbox 824 2613 901 2669; x_wconf 86' lang='lat' dir='ltr'><strong>dedit</strong></span> <span class='ocrx_word' id='word_1_231' title='bbox 925 2614 962 2669; x_wconf 84' lang='lat' dir='ltr'><strong>ed</strong></span> <span class='ocrx_word' id='word_1_232' title='bbox 979 2613 1111 2669; x_wconf 89' lang='lat' dir='ltr'><strong>honorem</strong></span> 
     </span>
     <span class='ocr_line' id='line_1_28' title="bbox 205 2696 1161 2768; baseline 0.001 -17"><span class='ocrx_word' id='word_1_233' title='bbox 205 2696 272 2765; x_wconf 90' lang='lat' dir='ltr'><strong>Dei,</strong></span> <span class='ocrx_word' id='word_1_234' title='bbox 300 2703 329 2752; x_wconf 86' lang='lat' dir='ltr'><strong>et</strong></span> <span class='ocrx_word' id='word_1_235' title='bbox 349 2704 443 2757; x_wconf 77' lang='lat' dir='ltr'><strong>temen</strong></span> <span class='ocrx_word' id='word_1_236' title='bbox 461 2697 554 2753; x_wconf 75' lang='lat' dir='ltr'><strong>faeere</strong></span> <span class='ocrx_word' id='word_1_237' title='bbox 578 2698 675 2754; x_wconf 91' lang='lat' dir='ltr'><strong>debuit</strong></span> <span class='ocrx_word' id='word_1_238' title='bbox 699 2698 773 2768; x_wconf 90' lang='lat' dir='ltr'><strong>quod</strong></span> <span class='ocrx_word' id='word_1_239' title='bbox 797 2697 871 2754; x_wconf 83' lang='lat' dir='ltr'><strong>feeit</strong></span> <span class='ocrx_word' id='word_1_240' title='bbox 907 2700 978 2752; x_wconf 78' lang='lat' dir='ltr'><strong>Aur.</strong></span> <span class='ocrx_word' id='word_1_241' title='bbox 1014 2697 1113 2753; x_wconf 87' lang='lat' dir='ltr'><strong>Honor</strong></span> <span class='ocrx_word' id='word_1_242' title='bbox 1129 2697 1161 2752; x_wconf 81' lang='lat'><strong>21</strong></span> 
     </span>
     <span class='ocr_line' id='line_1_29' title="bbox 206 2781 1112 2856; baseline -0.002 -18"><span class='ocrx_word' id='word_1_243' title='bbox 206 2782 303 2855; x_wconf 83' lang='lat' dir='ltr'><strong>utique</strong></span> <span class='ocrx_word' id='word_1_244' title='bbox 330 2782 378 2839; x_wconf 90' lang='lat' dir='ltr'><strong>ille</strong></span> <span class='ocrx_word' id='word_1_245' title='bbox 403 2783 489 2839; x_wconf 78' lang='lat' dir='ltr'><strong>totius</strong></span> <span class='ocrx_word' id='word_1_246' title='bbox 512 2789 555 2838; x_wconf 88' lang='lat' dir='ltr'><strong>est</strong></span> <span class='ocrx_word' id='word_1_247' title='bbox 583 2783 742 2854; x_wconf 70' lang='lat' dir='ltr'><strong>Trinitatis3</strong></span> <span class='ocrx_word' id='word_1_248' title='bbox 771 2801 857 2856; x_wconf 81' lang='lat' dir='ltr'><strong>quere</strong></span> <span class='ocrx_word' id='word_1_249' title='bbox 882 2785 1015 2856; x_wconf 79' lang='lat' dir='ltr'><strong>quonium</strong></span> <span class='ocrx_word' id='word_1_250' title='bbox 1037 2781 1112 2837; x_wconf 87' lang='lat' dir='ltr'><strong>idem</strong></span> 
     </span>
     <span class='ocr_line' id='line_1_30' title="bbox 204 2864 1112 2939; baseline 0.002 -18"><span class='ocrx_word' id='word_1_251' title='bbox 204 2867 264 2938; x_wconf 84' lang='lat' dir='ltr'><strong>ipse</strong></span> <span class='ocrx_word' id='word_1_252' title='bbox 289 2872 331 2923; x_wconf 79' lang='lat' dir='ltr'><strong>eet</strong></span> <span class='ocrx_word' id='word_1_253' title='bbox 350 2867 429 2924; x_wconf 84' lang='lat' dir='ltr'><strong>Deus</strong></span> <span class='ocrx_word' id='word_1_254' title='bbox 452 2867 542 2924; x_wconf 80' lang='lat' dir='ltr'><strong>Filius</strong></span> <span class='ocrx_word' id='word_1_255' title='bbox 567 2867 634 2937; x_wconf 87' lang='lat' dir='ltr'><strong>Dei,</strong></span> <span class='ocrx_word' id='word_1_256' title='bbox 660 2868 698 2924; x_wconf 81' lang='lat' dir='ltr'><strong>ed</strong></span> <span class='ocrx_word' id='word_1_257' title='bbox 722 2869 855 2926; x_wconf 85' lang='lat' dir='ltr'><strong>honorem</strong></span> <span class='ocrx_word' id='word_1_258' title='bbox 882 2864 963 2926; x_wconf 85' lang='lat' dir='ltr'><strong>suum</strong></span> <span class='ocrx_word' id='word_1_259' title='bbox 991 2869 1112 2939; x_wconf 86' lang='lat' dir='ltr'><strong>seipsum</strong></span> 
     </span>
     <span class='ocr_line' id='line_1_31' title="bbox 205 2953 1109 3026; baseline 0 -18"><span class='ocrx_word' id='word_1_260' title='bbox 205 2953 259 3012; x_wconf 82' lang='lat' dir='ltr'><strong>eibi</strong></span> <span class='ocrx_word' id='word_1_261' title='bbox 283 2953 358 3009; x_wconf 80' lang='lat' dir='ltr'><strong>sieut</strong></span> <span class='ocrx_word' id='word_1_262' title='bbox 371 2954 451 3010; x_wconf 81' lang='lat' dir='ltr'><strong>Petri</strong></span> <span class='ocrx_word' id='word_1_263' title='bbox 473 2960 502 3010; x_wconf 87' lang='lat' dir='ltr'><strong>et</strong></span> <span class='ocrx_word' id='word_1_264' title='bbox 527 2953 643 3026; x_wconf 83' lang='lat' dir='ltr'><strong>Spiritui</strong></span> <span class='ocrx_word' id='word_1_265' title='bbox 665 2959 763 3026; x_wconf 76' lang='lat' dir='ltr'><strong>saneto</strong></span> <span class='ocrx_word' id='word_1_266' title='bbox 786 2954 889 3011; x_wconf 86' lang='lat' dir='ltr'><strong>obtulit</strong></span> <span class='ocrx_word' id='word_1_267' title='bbox 905 2955 924 3008; x_wconf 89' lang='lat' dir='ltr'><strong>i.</strong></span> <span class='ocrx_word' id='word_1_268' title='bbox 943 2971 966 3009; x_wconf 94' lang='lat' dir='ltr'><strong>e.</strong></span> <span class='ocrx_word' id='word_1_269' title='bbox 983 2953 1109 3008; x_wconf 82' lang='lat' dir='ltr'><strong>humeni-</strong></span> 
     </span>
     <span class='ocr_line' id='line_1_32' title="bbox 205 3038 1113 3112; baseline 0.001 -20"><span class='ocrx_word' id='word_1_270' title='bbox 205 3043 292 3094; x_wconf 81' lang='lat' dir='ltr'><strong>tetem</strong></span> <span class='ocrx_word' id='word_1_271' title='bbox 309 3053 388 3092; x_wconf 81' lang='lat' dir='ltr'><strong>suem</strong></span> <span class='ocrx_word' id='word_1_272' title='bbox 405 3039 544 3095; x_wconf 74' lang='lat' dir='ltr'><strong>divinitati</strong></span> <span class='ocrx_word' id='word_1_273' title='bbox 560 3055 644 3110; x_wconf 82' lang='lat' dir='ltr'><strong>suee,</strong></span> <span class='ocrx_word' id='word_1_274' title='bbox 672 3055 746 3112; x_wconf 74' lang='lat' dir='ltr'><strong>quoe</strong></span> <span class='ocrx_word' id='word_1_275' title='bbox 762 3057 820 3095; x_wconf 86' lang='lat' dir='ltr'><strong>une</strong></span> <span class='ocrx_word' id='word_1_276' title='bbox 838 3039 934 3094; x_wconf 79' lang='lat' dir='ltr'><strong>eedem</strong></span> <span class='ocrx_word' id='word_1_277' title='bbox 950 3038 1035 3094; x_wconf 83' lang='lat' dir='ltr'><strong>trium</strong></span> <span class='ocrx_word' id='word_1_278' title='bbox 1051 3053 1113 3110; x_wconf 73' lang='lat' dir='ltr'><strong>per</strong></span> 
     </span>
     <span class='ocr_line' id='line_1_33' title="bbox 204 3121 1165 3196; baseline -0.003 -18"><span class='ocrx_word' id='word_1_279' title='bbox 204 3139 336 3178; x_wconf 71' lang='lat' dir='ltr'><strong>sonorum</strong></span> <span class='ocrx_word' id='word_1_280' title='bbox 356 3127 405 3178; x_wconf 83' lang='lat' dir='ltr'><strong>est</strong></span> <span class='ocrx_word' id='word_1_281' title='bbox 441 3124 483 3182; x_wconf 91' lang='lat' dir='ltr'><strong>Ut</strong></span> <span class='ocrx_word' id='word_1_282' title='bbox 498 3129 593 3180; x_wconf 83' lang='lat' dir='ltr'><strong>temen</strong></span> <span class='ocrx_word' id='word_1_283' title='bbox 615 3124 647 3179; x_wconf 86' lang='lat' dir='ltr'><strong>in</strong></span> <span class='ocrx_word' id='word_1_284' title='bbox 668 3126 767 3181; x_wconf 85' lang='lat' dir='ltr'><strong>eedem</strong></span> <span class='ocrx_word' id='word_1_285' title='bbox 788 3125 851 3196; x_wconf 81' lang='lat' dir='ltr'><strong>ipse</strong></span> <span class='ocrx_word' id='word_1_286' title='bbox 865 3123 983 3180; x_wconf 71' lang='lat' dir='ltr'><strong>veritate</strong></span> <span class='ocrx_word' id='word_1_287' title='bbox 999 3139 1112 3180; x_wconf 84' lang='lat' dir='ltr'><strong>menen-</strong></span> <span class='ocrx_word' id='word_1_288' title='bbox 1131 3121 1165 3175; x_wconf 72' lang='lat'><strong>22</strong></span> 
     </span>
     <span class='ocr_line' id='line_1_34' title="bbox 205 3209 1112 3281; baseline 0 -17"><span class='ocrx_word' id='word_1_289' title='bbox 205 3214 248 3264; x_wconf 85' lang='lat' dir='ltr'><strong>tes</strong></span> <span class='ocrx_word' id='word_1_290' title='bbox 265 3209 387 3280; x_wconf 78' lang='lat' dir='ltr'><strong>epertim</strong></span> <span class='ocrx_word' id='word_1_291' title='bbox 406 3209 552 3281; x_wconf 84' lang='lat' dir='ltr'><strong>loquemur</strong></span> <span class='ocrx_word' id='word_1_292' title='bbox 569 3209 644 3281; x_wconf 89' lang='lat' dir='ltr'><strong>quod</strong></span> <span class='ocrx_word' id='word_1_293' title='bbox 659 3212 796 3280; x_wconf 83' lang='lat' dir='ltr'><strong>volumus,</strong></span> <span class='ocrx_word' id='word_1_294' title='bbox 816 3209 940 3265; x_wconf 77' lang='lat' dir='ltr'><strong>dieamus</strong></span> <span class='ocrx_word' id='word_1_295' title='bbox 957 3209 1030 3267; x_wconf 80' lang='lat' dir='ltr'><strong>siout</strong></span> <span class='ocrx_word' id='word_1_296' title='bbox 1045 3225 1112 3264; x_wconf 79' lang='lat' dir='ltr'><strong>usur</strong></span> 
     </span>
    </p>
   </div>
   <div class='ocr_carea' id='block_1_3' title="bbox 278 3345 811 3436">
    <p class='ocr_par' dir='ltr' id='par_1_3' title="bbox 278 3345 811 3436">
     <span class='ocr_line' id='line_1_35' title="bbox 278 3345 811 3436; baseline 0.004 -18"><span class='ocrx_word' id='word_1_297' title='bbox 278 3365 303 3432; x_wconf 89' lang='lat'><strong>1)</strong></span> <span class='ocrx_word' id='word_1_298' title='bbox 322 3345 440 3417; x_wconf 66' lang='lat' dir='ltr'><strong>rareto</strong></span> <span class='ocrx_word' id='word_1_299' title='bbox 460 3364 595 3436; x_wconf 74' lang='lat' dir='ltr'><strong>quioquid</strong></span> <span class='ocrx_word' id='word_1_300' title='bbox 614 3364 732 3420; x_wconf 69' lang='lat' dir='ltr'><strong>uerat</strong></span> <span class='ocrx_word' id='word_1_301' title='bbox 749 3363 811 3422; x_wconf 74' lang='lat' dir='ltr'><strong>Au</strong></span> 
     </span>
    </p>
   </div>
   <div class='ocr_carea' id='block_1_4' title="bbox 0 0 1324 3818">
    <p class='ocr_par' dir='ltr' id='par_1_4' title="bbox 0 0 1324 3818">
     <span class='ocr_line' id='line_1_36' title="bbox 0 0 1324 3818; baseline 0 0"><span class='ocrx_word' id='word_1_302' title='bbox 0 0 1324 3818; x_wconf 95' lang='lat' dir='ltr'><strong> </strong></span> 
     </span>
    </p>
   </div>
  </div>
 </body>
</html>
