2638 3818
204 253 246 318 26
304 277 306 282 ·
380 251 408 308 S.
427 250 598 308 ANSELMI
613 250 922 312 CANTUARIENSIS

203 420 331 486 honori1)
361 421 459 492 nequit
489 419 610 491 aliquid,
644 427 779 493 quantum
809 422 845 476 ad
875 423 954 477 illurn
980 425 1111 495 pertinet,

204 508 271 562 addi
290 508 335 564 vel
359 507 455 562 minui.
491 507 570 561 Idem
595 523 715 578 namque
738 508 798 579 ipse
824 508 878 564 sibi
900 506 987 563 honor
1010 516 1053 566 est
1069 508 1111 564 in-

201 594 391 665 corruptibilis
418 599 447 648 et
463 593 540 648 nullo
566 592 649 647 modo
672 591 823 648 mutabilis.
868 593 974 649 Verum
997 595 1110 666 quando

207 695 392 751 unaquaeque
411 682 538 732 creatura
557 681 638 731 suum
661 682 690 730 et
706 677 786 746 quasi
802 678 856 733 sibi
871 685 1052 750 praeceptum
1069 692 1113 735 or'-

206 766 300 820 dinem
325 763 383 832 sive
410 761 575 816 naturaliter
601 761 660 816 rive
685 761 887 818 rationabiliter
914 771 1020 834 serrat,
1049 765 1112 820 Deo

208 849 322 905 obedire
348 853 377 902 et
405 864 469 902 eum
495 846 597 900 dieitur
622 847 773 916 honorare,
803 855 831 902 et
855 847 908 903 hoc
930 850 1047 906 maxime
1068 867 1113 906 ra·

112 961 119 978 ·
205 934 317 990 tionalis
339 923 453 1000 natura,
483 932 528 988 cui
551 933 647 989 datum
673 936 715 987 est
737 931 893 1004 intelligere
917 933 1113 1004 quiddebeat.

173 1020 188 1072 3
208 1021 287 1086 Quae
311 1035 374 1072 cum
399 1018 461 1072 vult
485 1018 560 1088 quod
583 1017 679 1087 debet,
706 1017 798 1072 Deum
814 1018 944 1089 honorat3
972 1035 1028 1074 non
1045 1019 1114 1091 quia

206 1105 249 1160 illi
267 1104 374 1175 aliquid
391 1103 512 1172 confert,
536 1103 586 1158 sed
604 1102 670 1174 quia
688 1109 786 1174 sponte
803 1121 833 1158 ae
853 1104 913 1159 eius
928 1104 1066 1158 voluntati
1082 1109 1111 1159 et

207 1189 381 1261 dispositioni
411 1188 507 1256 subdit
541 1195 570 1243 et
599 1189 629 1242 in
658 1205 750 1244 rerum
780 1189 960 1245 universitate
987 1190 1112 1245 ordinent

206 1281 331 1330 suamet
349 1275 472 1330 eiusdem
495 1273 685 1328 universitatis
702 1275 949 1345 pulchritudinem,
977 1280 1113 1346 quantum

172 1361 236 1416 tin
262 1362 324 1432 ipsa
351 1366 408 1428 est,
436 1364 534 1413 serrat.
570 1359 641 1414 Cum
668 1377 733 1416 vero
761 1377 817 1414 non
840 1361 901 1436 vult
926 1360 1001 1430 quod
1021 1360 1112 1429 debet,

205 1447 306 1514 Deum,
335 1450 470 1516 quantum
487 1444 524 1497 ad
547 1443 668 1514 ipsam2)
697 1446 830 1515 pertinet,
859 1443 1017 1514 inhonorat,
1044 1461 1113 1516 quo·

204 1532 280 1586 niam
301 1547 357 1586 non
379 1529 474 1585 subdit
500 1546 529 1584 se
553 1537 651 1600 sponte
681 1530 755 1584 illiue
782 1529 971 1601 dispositioni,
998 1537 1027 1585 et
1052 1531 1113 1586 uui*-

204 1617 344 1672 rereitatie
364 1615 487 1672 ordinem
508 1623 536 1671 et
553 1617 796 1688 pulchritudinem,
810 1623 944 1689 quantum
963 1615 993 1669 in
1011 1633 1041 1671 se
1059 1623 1111 1686 est,

204 1702 364 1774 perturbat,
386 1701 452 1757 licet
473 1706 640 1771 potestatem
664 1697 713 1758 aut
734 1703 900 1776 dignitatern
916 1699 971 1755 Dei
995 1701 1111 1757 nullate·
1151 1713 1155 1721 ·

140 1823 141 1826 =
171 1786 259 1844 5nus
283 1790 378 1844 laedat
401 1793 451 1842 aut
476 1787 622 1843 decoloret
658 1787 688 1843 Si
712 1787 786 1842 enim
806 1803 841 1842 ea
864 1802 935 1857 quae
962 1787 1033 1843 coeli
1055 1805 1114 1842 am·

109 1923 111 1928 ,
203 1875 265 1931 bitu
285 1873 474 1942 continentur,¹
487 1872 593 1928 vellent
609 1889 666 1927 non
683 1889 744 1932 esse
761 1871 813 1926 sub
833 1871 909 1926 coelo
920 1877 970 1926 aut
987 1872 1112 1944 elongari

203 1977 222 2014 a
237 1961 329 2030 coelo,
350 1960 508 2014 nullatenus
526 1963 642 2028 possent
658 1956 712 2010 nisi
730 1954 781 2010 sub
801 1953 879 2010 coelo
899 1972 975 2026 esse,
999 1974 1051 2012 nec
1068 1958 1112 2013 iu·

172 2042 271 2116 ogere
288 2042 396 2097 coelum
423 2042 478 2095 nisi
501 2040 750 2113 appropinquando
776 2041 862 2097 coelo.
897 2041 971 2098 Nam
991 2049 1020 2098 et
1036 2043 1112 2098 unde

205 2134 235 2184 et
252 2143 307 2198 quo
326 2133 355 2180 et
372 2140 428 2196 qua
446 2126 533 2195 irent,
553 2127 606 2182 sub
621 2126 699 2182 coelo
719 2131 826 2195 cesent3
843 2133 873 2182 et
893 2133 996 2198 quanto
1020 2129 1111 2200 magis

205 2229 223 2267 a
260 2210 384 2282 qualibet
417 2215 498 2282 parte
540 2211 611 2266 coeli
651 2213 862 2283 elongarentur,
904 2216 983 2270 tanto
1019 2214 1109 2285 magia

172 2305 186 2354 'l
206 2298 351 2369 oppositas
369 2297 443 2368 parti
461 2297 725 2369 appropinquarent
760 2297 806 2352 Ita
822 2299 949 2369 quamvis
966 2299 1048 2355 homo
1067 2298 1113 2354 vel

140 2440 141 2444 ,
204 2383 293 2438 malus
322 2384 439 2455 angelus
472 2382 583 2437 divinae
612 2383 750 2438 voluntati
778 2389 805 2440 et
829 2383 996 2439 ordinationi
1020 2382 1112 2438 subia-

205 2481 268 2525 cere
291 2468 374 2538 nolit,
398 2485 455 2523 non
477 2474 571 2523 tamen
594 2484 656 2524 eam
678 2469 776 2540 fugere
801 2469 891 2537 valet;
918 2467 984 2538 quia
1010 2468 1034 2522 si
1052 2468 1113 2522 vult

204 2551 303 2624 fugere
321 2553 355 2608 de
372 2552 426 2607 sub
442 2553 585 2609 voluntate
609 2554 735 2620 iubente,
764 2555 851 2610 currit
869 2553 922 2608 sub
939 2552 1112 2614 ¹voluntatens

152 2637 374 2716 'aperientem
408 2637 447 2692 ιιι
468 2637 492 2692 ιι
517 2639 641 2710 quaen,
672 2656 727 2711 qua
748 2637 868 2694 ansila
896 2654 953 2693 non
979 2638 1034 2693 nar
1059 2631 1112 2694 suo
1190 2625 1193 2638 ’

150 2731 153 2744 ’
204 2724 347 2780 voluntate
363 2723 557 2799 permittente,
578 2730 606 2780 et
622 2725 676 2780 hoc
694 2727 794 2796 ipsum,
814 2722 890 2798 quod
906 2739 1035 2794 perversa
1052 2725 1113 2780 vult

204 2815 255 2866 aut
274 2809 346 2881 agit,
372 2809 402 2864 in
424 2811 612 2866 universitatis
636 2809 779 2882 praefatae
805 2807 930 2864 ordinem
947 2814 977 2863 ct
992 2809 1113 2880 pulchri-

172 2896 331 2956 ttudinem
355 2912 463 2950 summa
491 2896 628 2967 rapientia
650 2895 794 2952 convertit
829 2893 896 2963 Ipsa
918 2911 1039 2965 namque
1062 2897 1112 2966 per

276 3109 301 3174 1)
319 3107 375 3162 Cir.
393 3109 485 3162 Harae
506 3107 585 3164 Τοιιι.
602 3109 641 3166 ΙΙ
634 3124 731 3231 pag
748 3111 815 3164 576:
842 3107 927 3176 „Ana
944 3105 1112 3162 unterschei·

206 3175 255 3231 det
274 3175 399 3230 deutlich
418 3177 480 3232 eine
502 3179 633 3276 doppeltc
673 3147 856 3233 hr’ieGottes
880 3176 926 3232 die
948 3178 1114 3230 immaaentc

204 3245 264 3300 und
281 3244 326 3300 die
343 3246 529 3300 trameuatef‘

167 3377 169 3381 A
274 3316 301 3382 2)
320 3315 362 3367 cd
378 3315 460 3368 illam
477 3313 584 3369 Aa—
602 3315 644 3368 ad
660 3313 743 3368 illam
762 3311 850 3370 Aba.
