2638 3818
218 319 261 383 40
404 315 433 372 S.
452 313 623 374 Ansanass
640 311 947 373 CANTUARIENSIS

116 472 119 478 ’
218 488 325 558 absque
344 487 419 542 omni
437 486 640 550 satisfactione,
664 485 749 540 talem
769 499 877 556 sempor
893 499 1054 538 mansurum
1071 481 1126 535 sal-

218 580 274 628 tem
302 573 331 626 in
356 572 531 644 paradisum,
563 571 598 626 de
623 587 679 641 quo
699 571 804 626 siconis
827 570 932 638 fuerat,
958 565 1125 621 reduceret?

170 655 201 706 13
219 659 289 716 Bos.
326 657 554 726 similitudinem,
583 656 607 710 si
624 655 701 710 Deus
721 655 776 711 hoc
798 655 916 724 faceret,
942 669 1045 724 negare
1070 667 1126 706 non

219 744 308 798 audeo
326 748 354 798 et
376 743 481 798 idcirco
505 757 568 798 eum
582 742 643 797 -hoc
661 741 751 796 facere
768 759 849 812 posse
867 757 924 796 non
941 739 1043 795 annuo.'
1075 735 1125 793 Vi-

221 829 344 884 oeream
363 827 437 882 enim
468 833 517 882 aut
540 827 615 899 quod
638 826 820 898 proposuerat
842 842 976 898 peragere
998 841 1055 878 non
1076 839 1125 894 po-

218 915 320 983 tuisse,
349 918 399 966 aut
427 911 494 968 boni
522 912 658 984 propositi
687 929 750 968 eum
780 911 964 983 poenitrdsset
998 926 1071 981 quac
1095 907 1126 962 in

169 995 202 1048 14
219 1000 312 1054 Deum
335 997 434 1052 cadere
460 1004 608 1069 nequeunt
649 999 719 1052 Aac.
753 997 830 1051 Tene
856 996 943 1068 igitur
966 994 1125 1060 certissime,

219 1085 286 1156 quia
328 1081 387 1138 sine
426 1083 616 1141 satisfactione
649 1084 667 1139 i.
705 1099 727 1138 e.
764 1084 824 1138 sine
868 1082 955 1138 debiti
989 1079 1126 1136 solutione

221 1174 376 1240 spontanea
392 1185 444 1224 nec
462 1169 540 1226 Deus
567 1176 661 1241 potest
683 1174 830 1241 peccatum
850 1168 1018 1238 impunitum
1036 1165 1126 1220 dimit·

218 1261 279 1312 tere
300 1272 352 1310 nec
379 1261 510 1325 peccator
535 1257 572 1310 ad
595 1255 796 1312 beatitudinem
819 1255 866 1309 vel
889 1253 988 1320 taiem,
1017 1251 1127 1322 qualem

181 1375 183 1384 κ
219 1339 343 1396 habebat
363 1346 513 1409 antequam
541 1347 684 1411 peccaret,
710 1323 867 1412 perdcnire3
894 1356 950 1393 non
976 1337 1049 1393 enim
1073 1338 1127 1392 hoc

213 1426 303 1482 vinodo
332 1429 508 1496 separaretis
532 1425 615 1480 homo
640 1427 685 1482 vel
710 1427 788 1496 talis,
818 1425 909 1497 qualis
938 1423 1031 1478 iuerat
1063 1419 1127 1478 ante

171 1514 202 1565 to
220 1515 376 1582 peccatum.
425 1512 494 1564 Boe.
528 1510 694 1566 Rationibus
720 1511 777 1568 tuis
805 1510 914 1566 omnino
939 1509 1128 1564 contradicere

218 1609 277 1650 non
292 1611 414 1666 possum.
451 1594 507 1650 Sed
526 1597 594 1667 quid
614 1600 670 1667 est,
690 1597 765 1668 quod
783 1597 900 1652 dicimus
919 1595 994 1650 Deo:
1020 1593 1128 1647 dimitte

213 1683 301 1735 -aobs'a
324 1681 418 1734 debita
444 1683 586 1750 cosam-¹)
611 1688 640 1736 et
662 1683 750 1738 omnis
771 1701 840 1755 gens
860 1689 920 1738 orat
936 1681 1027 1736 Deum
1045 1695 1128 1750 quem

171 1772 204 1824 16
221 1767 317 1835 credit,
335 1773 368 1821 ut
385 1765 507 1820 dimittat
524 1766 578 1821 sibi
595 1767 731 1838 peccata?
756 1768 789 1824 ‘Si
807 1768 880 1823 enim
900 1767 1032 1822 solvimus
1052 1762 1128 1835 quod

181 1851 186 1892 ’ἕ
222 1853 368 1919 debemus,
391 1867 443 1906 cur
460 1869 582 1923 oramus,
606 1859 638 1908 ut
656 1852 797 1908 dimittat?
832 1851 977 1923 Numquid
993 1853 1070 1906 Deus
1087 1849 1128 1904 in·

222 1938 319 1994 iustus
330 1942 387 2006 cst,
411 1943 444 1992 ut
468 1939 568 1994 iterum
586 1939 681 2010 exigat
696 1940 771 2010 quod
793 1939 913 1995 solutum
932 1937 997 1992 est?
1032 1935 1062 1992 Si
1080 1951 1130 1990 au·

220 2030 277 2080 tem
293 2039 351 2078 non
373 2017 521 2093 solvimus,
545 2040 595 2078 our
619 2023 723 2078 frustra
745 2041 869 2094 oramus,
893 2030 925 2079 ut
941 2023 1026 2077 faciat
1045 2021 1130 2093 quod,

171 2117 204 2168 17
222 2109 290 2180 quia
306 2125 362 2163 non
385 2107 528 2178 convenit,
554 2107 646 2162 facere
668 2125 725 2162 non
747 2107 859 2177 potest?
893 2110 964 2164 Aac.
999 2108 1054 2174 Qui
1072 2123 1130 2162 non

223 2193 318 2262 solvit,
339 2191 448 2247 ¹frustra
466 2192 545 2248 dicit:
573 2193 697 2262 donsce,·
721 2193 770 2264 qui
793 2199 886 2248 autem
903 2194 998 2263 solvit,
1024 2192 1130 2264 suppli-

164 2314 166 2322 ,
223 2284 283 2348 cat,
306 2277 437 2349 quoniam
452 2279 505 2333 hoc
523 2279 614 2350 ipsum
631 2279 753 2350 pertinet
778 2279 815 2332 ad
832 2279 996 2335 solutionem
1012 2284 1045 2334 ut
1064 2295 1130 2347 sup·

221 2365 321 2436 plicet,
337 2379 403 2417 nam
421 2363 499 2418 Deus
518 2362 589 2416 nulli
604 2363 756 2434 quidquam
775 2363 866 2434 debet,
883 2365 934 2420 scd
951 2363 1040 2420 omnis
1054 2379 1129 2418 crea·

223 2456 287 2504 tura
310 2448 353 2503 ilii
380 2447 479 2517 debet3
501 2454 538 2504 et
560 2447 625 2503 idco
648 2464 705 2503 non
728 2449 841 2519 expedit
866 2449 983 2518 homini,
1009 2453 1042 2502 ut
1063 2452 1131 2520 agat

171 2541 205 2593 18
224 2551 288 2588 cum
311 2533 389 2602 Deo,
417 2534 649 2605 quomadmodum
674 2550 727 2604 par
751 2551 816 2588 cum
840 2535 910 2606 pari.
945 2534 1002 2590 Sed
1025 2533 1131 2588 dehoc

211 2631 280 2674 'non
299 2623 341 2674 est
363 2635 433 2689 opus
456 2635 530 2674 nunc
555 2618 606 2674 tibi
629 2619 803 2691 respondere.
838 2619 908 2675 Cum
934 2618 1007 2675 enim
1028 2633 1130 2690 cogno·

224 2721 297 2773 scos,
323 2721 373 2759 cur
392 2702 517 2760 Christus
538 2711 662 2760 mortuus
686 2709 744 2775 est,
766 2705 884 2761 forsitan
908 2719 959 2777 per
975 2709 1004 2759 te
1021 2703 1130 2760 videbis

172 2803 206 2854 19
222 2789 299 2862 quod
327 2789 445 2861 quaeris.
488 2793 557 2846 Boo.
593 2788 713 2850 Sufficit,
731 2807 798 2863 ergo
817 2807 893 2846 nunc
914 2789 1026 2860 mihist)
1055 2788 1130 2860 quod

223 2876 259 2931 dc
278 2875 330 2930 hac
348 2876 510 2946 quaestione
533 2875 692 2946 respondes.
727 2876 809 2941 Quod
827 2881 921 2931 autem
938 2876 1031 2930 nullus
1048 2875 1131 2929 homo

163 2973 177 3004 2-
222 2961 261 3016 ad
284 2960 486 3017 beatitudinem
508 2960 655 3032 pervenire
679 2967 764 3031 queat
782 2978 846 3018 cum
863 2966 978 3032 peccato
995 2964 1044 3015 aut
1061 2958 1131 3014 solvi

221 3062 241 3100 a
257 3030 468 3118 peccato‚'nisi
488 3045 578 3100 solvat
595 3045 671 3117 quod
687 3047 780 3118 rapuit
796 3045 952 3119 peccando,
976 3045 1016 3101 sic
1036 3049 1131 3116 aperte

222 3132 393 3202 monstrasti,
410 3137 450 3200 ut,
468 3130 577 3186 etiamsi
593 3129 684 3200 velim,
701 3149 757 3187 non
775 3132 879 3204 possim
896 3131 1032 3188 dubitare
1099 3159 1103 3164 ·

294 3306 319 3367 a
340 3303 439 3357 uach.
458 3307 482 3371 o,
504 3307 542 3357 ta
698 3343 699 3349 ,

292 3373 320 3438 2)
341 3369 386 3427 Sic
403 3371 510 3426 Aabc
528 3369 554 3425 B
572 3369 596 3423 E
613 3368 670 3425 Fa.
