2638 3818
372 284 451 343 cult
468 283 570 342 DEUS
588 281 706 340 flotto.
741 282 780 340 Π.
800 287 912 340 to—tt.
1062 286 1104 352 91

202 461 260 512 mut
278 471 334 510 non
350 451 474 524 habenti,
497 453 576 509 Deus
594 452 680 508 Pater
698 451 781 508 dicier
807 452 903 526 accipe
922 454 1105 527 Unigenitum

203 557 294 596 meum
311 545 342 596 et
359 539 396 594 da
411 555 463 610 pro
482 543 525 609 ως
551 538 656 610 etipse
675 537 778 594 Filius:
803 537 871 594 tolle
890 558 934 596 me
952 545 981 596 et
1000 541 1106 598 redime

202 625 252 681 te?
292 624 378 690 Quasi
404 623 477 680 enim
502 622 554 679 hoc
580 624 690 690 dieunt,
715 623 828 696 quando
849 640 900 680 nos
923 625 960 680 ad
983 624 1142 690 christis-3

203 729 268 768 nam
284 709 369 766 fidem
386 714 488 764 vocent
504 713 533 764 et
548 708 671 765 trahunt
707 708 781 774 Quid
799 708 882 766 mam
898 710 1006 780 iustius,
1023 727 1108 782 quam

204 803 237 852 ut
254 796 302 852 ille
323 794 369 849 cui
391 793 473 849 detur
495 794 615 866 pretium
634 794 723 850 maius
740 795 815 851 omni
835 793 945 864 debito,
969 794 994 849 si
1013 795 1108 854 debito

204 882 286 937 detur
301 879 412 949 affeetu,
432 878 553 937 dimittet
569 898 651 962 omne
667 878 810 936 debitum?

243 1051 246 1058 ’
280 1017 512 1113 21·Dicb01i
531 1068 597 1107 vero
612 1049 864 1108 reconciliationem
880 1051 916 1108 de
933 1068 990 1123 que
1001 1050 1108 1124 quaesi·
1127 1059 1140 1112 1

203 1139 277 1209 sisti,
295 1138 494 1209 impossibilem
511 1135 660 1208 intelliges,
677 1134 702 1189 si
718 1135 867 1207 diligenter
877 1136 1027 1194 humanam
1044 1155 1108 1194 eon·

201 1225 315 1282 siderea.
350 1223 429 1282 Sicut
454 1224 527 1280 enim
550 1221 633 1278 homo
661 1239 718 1276 non
741 1220 833 1293 potuit
859 1222 1033 1278 reconciliari
1054 1223 1142 1282 nisit

203 1328 254 1383 per
278 1309 416 1366 hominem
438 1308 543 1377 Deum,
567 1307 616 1379 qui
639 1307 710 1364 mori
731 1313 840 1380 posset,
862 1325 914 1378 per
935 1308 1013 1364 euius
1031 1308 1109 1366 iusti·

203 1397 271 1452 tiam
289 1395 351 1452 Deo
369 1395 561 1452 restituerem
586 1393 660 1464 quod
677 1411 729 1466 per
748 1399 894 1466 peccatum
912 1393 1030 1454 hominis
1046 1411 1109 1466 per·

204 1482 330 1552 diderat3
348 1482 389 1537 ita
405 1479 498 1552 angeli
516 1478 641 1536 damnati
656 1497 714 1536 non
729 1487 848 1552 possunt
866 1479 968 1536 salvari
985 1479 1040 1534 nisi
1058 1497 1110 1552 per

204 1567 333 1639 angelum
349 1567 453 1636 Deum,
481 1565 530 1637 qui
558 1564 627 1620 mori
652 1566 741 1636 pessit
767 1571 797 1622 st
822 1566 871 1638 qui
898 1583 949 1637 per
975 1564 1110 1622 iustitiam

202 1669 283 1714 suam
302 1653 364 1710 Deo
390 1657 513 1724 reparet,
539 1651 616 1722 quod
644 1650 761 1706 aliorum
785 1655 903 1722 peccate
927 1650 1110 1709 abstulerunt

203 1742 241 1796 Et
263 1741 335 1796 deut
355 1738 438 1796 homo
462 1755 513 1808 per
534 1736 619 1792 alium
641 1735 780 1792 hominem
804 1735 853 1807 qui
870 1752 927 1790 non
946 1742 1020 1792 esset
1039 1736 1109 1794 eiur-
1127 1753 1143 1805 3

204 1826 268 1883 dem
290 1825 413 1898 generis,
438 1823 564 1895 quamvis
586 1821 710 1878 eiusdem
735 1826 809 1877 esset
831 1826 961 1892 natiuae,
987 1840 1045 1878 non
1062 1823 1109 1880 de·

202 1911 265 1978 buit
282 1911 411 1979 relevari,
429 1909 470 1965 ita
486 1909 580 1964 nullus
600 1907 716 1980 angelus
733 1923 785 1978 per
803 1906 889 1962 ulium
906 1907 1036 1979 angelum
1054 1909 1109 1964 sul·

204 1998 264 2054 vari
283 1997 374 2066 debet
400 1995 525 2064 quemvis
543 2009 638 2050 omnes
656 1993 713 2048 sint
730 1992 813 2050 unius
830 1997 959 2063 murae,
978 1993 1109 2065 quoniam

204 2100 261 2140 nou
286 2086 352 2138 sunt
377 2080 501 2136 eiusdem
526 2079 636 2152 generis
660 2079 733 2136 sicut
756 2079 889 2136 homines.
899 2077 920 2150 ¹)
954 2079 1018 2138 Non
1036 2079 1145 2141 enimt

204 2168 245 2224 sic
261 2173 327 2224 sunt
350 2183 443 2223 omnes
471 2165 564 2239 ungeli
590 2164 626 2222 de
651 2183 708 2221 uno
735 2166 859 2238 angelos
876 2165 1110 2238 quemadmodum

205 2270 300 2312 omnes
324 2251 447 2310 homines
471 2251 506 2308 de
526 2267 583 2306 uno
608 2250 727 2318 homine
767 2249 831 2308 Hoc
858 2268 968 2322 quoque
988 2257 1143 2312 removete

206 2355 300 2394 eorum
321 2335 564 2406 restaurationem,
587 2337 654 2408 quio
674 2336 746 2392 sicut
770 2336 930 2394 ceciderunt
952 2337 1029 2392 nullo
1053 2336 1109 2392 alio

206 2427 324 2479 nocente
342 2429 375 2479 ut
394 2422 538 2493 cederent,
562 2421 601 2476 ite
623 2421 701 2477 nullo
724 2421 779 2477 alio
798 2422 948 2478 adiuvante
964 2439 1111 2494 resurgere

206 2508 326 2580 debent;
343 2509 419 2580 qnod
435 2514 477 2564 eet
494 2508 549 2562 illis
566 2506 743 2580 impossibile.
770 2505 861 2562 Aliter
877 2508 951 2563 enim
969 2509 999 2564 in
1020 2508 1109 2582 digni-
1128 2516 1145 2568 6

205 2599 293 2650 tatem
311 2611 394 2666 quem
415 2593 538 2648 habituri
562 2599 656 2662 erant,
678 2609 735 2647 non
756 2599 874 2663 possunt
896 2595 1020 2665 restitui3
1044 2613 1111 2667 quo·
1187 2605 1190 2624 ¹

205 2679 282 2734 niam
299 2679 357 2734 sine
374 2679 465 2735 elieno
482 2677 585 2734 auxilio
608 2695 659 2750 per
683 2683 849 2749 potestatem
866 2697 945 2736 suam
964 2697 1049 2752 qnam
1066 2697 1112 2735 sc·

206 2769 344 2836 ceperant,
362 2766 503 2821 stetissent
521 2763 698 2833 inveritate,
716 2762 814 2829 sinon
831 2770 1002 2837 peccassent
1038 2763 1145 2830 Qua-'l

205 2855 321 2922 propter
346 2849 371 2904 si
396 2850 458 2920 quis
485 2849 616 2921 opinatur
635 2848 786 2905 Salvatoris
809 2851 899 2907 nostri
914 2850 1112 2907 redemtionem

207 2953 296 3008 usque
313 2934 351 2990 ed
368 2936 430 2991 illos
447 2933 598 3007 aliquando
626 2933 727 2992 debere
754 2936 880 3006 extendi,
910 2935 1114 2991 ratiouubiliter
1131 2969 1138 2988 0

278 3141 304 3212 1)
322 3140 391 3210 „Est
410 3140 603 3213 unusquisque
614 3139 696 3209 filins
714 3140 799 3193 Adae
820 3144 849 3193 et
867 3139 948 3194 homo
966 3156 1017 3210 per
1035 3157 1113 3194 crea·

206 3209 322 3278 ticam,
346 3215 375 3264 et
401 3209 498 3265 Adam
522 3227 573 3281 per
617 3208 846 3277 reportationem,
870 3211 899 3262 et
917 3224 1042 3307 {tersorio
1061 3224 1113 3279 per

206 3278 478 3348 individualitotem
508 3295 565 3350 que
612 3276 756 3332 'cernitur
781 3275 818 3332 ab
845 3275 914 3330 eliis.
976 3280 1023 3332 De
1049 3295 1113 3332 con-

206 3356 287 3419 ceptu
305 3347 442 3415 virginali
458 3363 482 3402 e.
503 3353 543 3403 lt).
1180 3361 1183 3366 '
