2638 3818
380 327 457 388 οῦκ
474 320 575 385 DEU'S
597 323 716 382 Hono.
752 325 775 380 1.
796 331 897 383 mae.
1051 327 1093 393 41

264 549 334 634 20·
376 583 448 634 Aca.
483 567 552 634 Hoc*
569 596 679 652 quoque
699 597 755 635 nou
781 581 935 651 dubitabis,
962 587 995 636 ut
1017 589 1126 654 puto,1

189 668 255 740 quia
272 666 425 723 secundum
444 681 600 719 meusmam
621 668 730 738 peccati
753 673 862 738 oportet
878 667 1095 724 satisfactionem

189 769 257 808 esse.
293 753 361 806 Bos.
380 749 472 804 Aliter
490 749 665 822 aliquatenus
684 752 871 807 inordinatum
887 759 1012 808 maneret
1031 762 1128 826 pec-2

188 845 296 906 catum,
327 836 403 907 quod
431 850 566 889 essenon
590 842 695 906 potest,
724 838 748 891 si
775 838 853 894 Deus
876 839 948 894 nihil
963 839 1096 912 relinquit

187 923 376 979 inordinatum
397 920 426 975 in
447 934 533 992 regno
559 937 618 976 suo.
627 923 647 992 ¹)
684 923 739 978 Sed
756 924 810 979 hoc
828 931 871 980 est
890 924 1094 996 praestitutum,
1113 933 1128 984 3

189 1009 255 1082 quia
277 1006 434 1078 'quamlibet
458 1023 575 1078 parvum
601 1008 799 1064 inconveniens
829 1010 858 1064 in
880 1009 943 1066 Deo
969 1010 1095 1082 impossi-

188 1095 247 1151 bile
269 1099 319 1148 est
353 1093 421 1146 Am.
456 1091 511 1146 Dic
529 1107 609 1162 ergo,
633 1092 701 1162 quid
722 1093 811 1148 solves
829 1093 890 1150 Deo
912 1113 963 1166 pro
978 1102 1094 1167 peccato

186 1179 257 1236 tuo?
292 1180 359 1233 Boe.
394 1176 610 1246 Poenitentiam,
633 1192 681 1232 cor
698 1178 847 1233 contritum
864 1184 893 1234 et
911 1180 1094 1252 humiliatum,
1112 1187 1130 1237 4

189 1263 371 1319 abstinentias
395 1269 424 1318 et
451 1261 628 1316 multimodos
656 1261 765 1318 labores
791 1264 912 1333 corporis
936 1271 965 1320 et
991 1269 1095 1324 miseri-

188 1350 310 1406 cordiam
329 1349 414 1404 dandi
434 1354 462 1402 et
479 1347 636 1402 dimittendi
653 1354 682 1404 et
702 1348 897 1405 obedientiam.
932 1353 1002 1407 Aac.
1020 1352 1095 1418 Quid
1114 1358 1129 1409 5

187 1435 217 1490 in
233 1435 280 1489 lais
294 1436 420 1490 omnibus
439 1434 490 1487 das
509 1433 590 1488 Deo?
625 1436 694 1488 Bos.
729 1434 776 1489 An
797 1451 854 1489 non
871 1435 974 1490 honoro
993 1437 1095 1509 Deum,

188 1521 300 1592 quando
319 1526 432 1591 propter
449 1520 576 1574 timorem
599 1519 659 1574 eius
682 1523 712 1574 et
736 1537 857 1576 amorem
874 1520 904 1575 in
922 1522 1012 1577 cordis
1031 1540 1096 1578 cou-

186 1605 297 1662 tuitione
318 1603 453 1660 laetitiam
474 1605 655 1674 temporalem
678 1605 794 1675 abiicio,
818 1608 847 1660 in
871 1604 1046 1662 abstinentiis
1067 1614 1096 1664 et

186 1691 329 1748 laboribus
346 1687 543 1744 delectationes
568 1693 597 1742 et
620 1689 742 1760 quietem
766 1690 847 1745 huius
865 1690 939 1745 vitae
954 1693 1045 1761 calco,
1066 1692 1097 1747 in

186 1779 279 1833 dando
297 1780 326 1832 et
341 1773 505 1828 dimittendo
530 1789 601 1844 quae
618 1789 681 1828 mea
697 1780 763 1829 sunt
777 1775 894 1847 largior,
919 1775 949 1829 in
966 1776 1097 1831 obedien·

185 1864 225 1920 tia
251 1863 389 1934 meipsum
418 1858 459 1912 illi
484 1858 623 1914 subiicio‘d
661 1862 731 1914 Aca.
766 1860 837 1916 (ium
863 1860 956 1915 reddis
979 1861 1130 1933 aliquid,6

188 1951 262 2020 quod
282 1948 367 2004 debes
385 1946 447 2001 Deo
466 1944 573 2000 etiamsi
597 1962 653 2001 uon
678 1945 813 2016 peccasti,
839 1961 896 1999 non
917 1944 1002 2001 debes
1022 1962 1095 2002 com-

187 2042 286 2106 putare
302 2034 355 2089 hoc
373 2049 424 2104 pro
441 2029 542 2098 debito,
570 2030 645 2102 quod
663 2031 749 2088 debes
767 2049 818 2102 pro
835 2037 960 2102 peccato.
996 2031 1097 2088 Omnia
1114 2041 1129 2091 'l

187 2125 281 2175 autem
299 2117 355 2173 ista
378 2117 463 2175 debes
482 2116 558 2186 Deo,
581 2132 652 2187 quae
670 2114 747 2170 dicis.
781 2115 891 2171 Tantus
910 2133 1030 2189 namque
1049 2117 1096 2173 de

187 2205 234 2261 bet
254 2219 315 2260 esse
331 2203 361 2258 in
377 2203 430 2257 hac
449 2202 559 2258 mortali
574 2202 633 2256 vita
655 2217 747 2270 amor,
773 2207 801 2255 et
818 2201 855 2255 ad
879 2203 954 2274 quod
975 2204 1097 2275 pertinet

188 2291 288 2355 oratio,
314 2288 480 2345 desiderium
499 2285 679 2359 perveniendi
695 2285 778 2339 adid
796 2286 832 2339 ad
853 2289 928 2357 quod
947 2288 1038 2344 factus
1057 2305 1096 2356 es,

188 2380 218 2432 et
235 2377 315 2432 dolor
332 2375 398 2446 quia
415 2373 539 2429 nondum
556 2372 596 2426 ibi
614 2387 652 2440 es,
673 2374 701 2426 et
719 2370 802 2424 timor
820 2387 856 2425 ne
868 2389 923 2426 non
941 2373 1096 2444 pervenias,

188 2467 221 2516 ut
238 2462 343 2516 nullam
361 2460 495 2515 laetitiam
514 2459 617 2514 sentire
635 2456 737 2512 debeas
755 2455 809 2525 nisi
826 2455 935 2526 dehis,
954 2473 1026 2527 quae
1043 2457 1096 2513 tibi

188 2549 239 2602 aut
255 2547 389 2601 auxilium
408 2549 458 2599 aut
474 2559 552 2614 spem
572 2542 640 2596 dant
657 2541 844 2612 perveniendi.
870 2542 935 2598 Non
954 2543 1028 2598 enim
1039 2562 1096 2601 me·
1114 2552 1130 2602 8

189 2631 258 2686 reris
274 2632 391 2701 habere,
417 2630 492 2702 quod
511 2645 567 2684 uon
585 2627 737 2684 seeundum
754 2626 829 2698 quod
847 2633 889 2683 est
908 2645 985 2684 amas
1004 2637 1032 2686 et
1049 2630 1096 2686 de

190 2715 303 2785 sidonas,
324 2723 352 2772 et
371 2716 406 2772 de
424 2731 490 2786 quo,
513 2712 579 2784 quia
595 2712 718 2766 nondum
735 2711 822 2768 habes
846 2720 875 2769 et
894 2715 987 2770 adhuc
1003 2722 1097 2771 utrum

187 2801 333 2857 habiturus
359 2801 396 2855 sis
424 2815 461 2854 an
485 2815 541 2853 non
562 2798 592 2852 in
615 2803 694 2852 tanto
717 2813 747 2852 es
770 2796 908 2869 periculo,
930 2817 986 2855 non
1011 2800 1097 2854 doles.

188 2885 236 2940 Ad
254 2885 329 2956 quod
347 2885 431 2940 ctiam
454 2885 589 2957 pertinet,
613 2884 735 2955 quietem
759 2889 787 2939 et
804 2884 1000 2941 delectationes
1018 2903 1097 2940 mun-
1114 2893 1130 2944 9

189 2970 289 3040 umas,
313 2986 385 3041 quae
401 2972 524 3026 animum
539 2969 575 3024 ab
593 2969 643 3023 illa
660 2986 726 3024 vera
747 2970 840 3050 quiete
862 2976 890 3026 et
913 2969 1097 3027 delectatione

188 3062 333 3126 revocant,
362 3056 469 3129 fugare,
501 3055 565 3111 nisi.
586 3061 721 3125 quantum
750 3056 787 3110 ad
818 3054 1000 3110 intentionem
1029 3055 1097 3111 illuc

187 3141 368 3216 perveniendi
392 3141 537 3214 cognoscis
562 3138 697 3198 sufficere.
732 3141 881 3197 Dationem
906 3157 971 3195 vero
993 3139 1034 3195 ita
1050 3141 1097 3197 de·
1117 3143 1170 3194 10·

188 3228 239 3284 bes
259 3227 435 3285 considerare
452 3234 481 3284 te
498 3227 590 3284 facere
610 3243 643 3282 ex
662 3227 764 3296 debito,
782 3225 855 3281 sicut
872 3225 1014 3297 intelligis,
1032 3227 1099 3299 quia
1172 3232 1177 3242 ’

261 3386 285 3452 1)
304 3381 378 3439 Vide
395 3397 479 3453 supra
497 3397 520 3436 c.
543 3385 583 3449 12,
604 3385 628 3436 3.
