2638 3818
251 273 272 340 2
429 272 458 328 S.
477 271 647 330 ANSELMI
666 269 971 330 CANTUARIENSIS

251 437 335 492 lisam
352 439 410 494 sive
427 439 590 508 humanam,
613 448 662 496 aut
678 442 737 497 sola
752 441 896 497 voluntate
916 439 1008 494 faeere
1025 437 1161 508 potuerit.

217 527 235 578 t
251 521 296 578 De
315 541 371 596 qua
388 527 549 597 quaestione
569 544 625 583 non
647 527 737 582 solum
755 525 874 596 literati,
897 524 948 580 ssd
974 522 1059 579 etiam
1074 521 1162 578 illite-

220 607 308 665 stati
329 610 410 666 multi
429 618 567 683 quaerunt
589 619 618 668 et
640 611 775 666 rationem
798 611 858 666 eius
881 609 1047 664 desiderant.
1082 606 1160 671 Quo-

253 694 328 750 niam
349 711 416 768 ergo
442 697 522 752 multi
547 697 582 752 de
605 697 659 751 hae
681 695 795 750 uastari
816 694 973 764 postulant,
999 698 1028 748 et
1043 692 1110 747 dost
1127 691 1160 746 in

254 779 411 850 quaerendo
434 781 516 837 valde
538 781 666 836 rideatur
689 778 825 848 difficilis,
851 779 881 833 in
906 777 1038 835 solvendo
1063 783 1161 832 tamen

253 864 381 919 omnibus
407 871 450 919 est
475 863 673 936 intelligibilis,
703 870 732 919 et
757 870 870 934 propter
898 863 1047 919 utilitatem
1074 861 1160 918 ratio·

252 949 351 1020 nisque
374 948 611 1019 pulchritudinem
634 947 779 1020 amabilis,
808 947 933 1018 quamvis
952 966 970 1004 a
989 947 1091 1002 sanetis
1108 963 1160 1018 pa—

252 1033 342 1090 tribus
369 1032 435 1088 inde
461 1033 536 1106 quod
561 1033 688 1090 sufficere
716 1033 830 1102 debeat,
855 1031 961 1088 dietum
988 1033 1038 1104 sit,
1063 1039 1161 1088 tamen

254 1117 290 1173 de
315 1115 364 1172 illa
389 1117 507 1188 curabo,
538 1119 613 1190 quod
644 1117 711 1173 mihi
742 1118 819 1174 Deus
851 1117 1012 1188 dignabitur
1041 1117 1160 1189 aperire,

222 1203 414 1274 tpetentibus
438 1204 590 1260 ostendere.
629 1204 668 1259 Et
693 1202 823 1275 quoniam
849 1219 882 1258 ea
906 1218 978 1274 quae
1003 1219 1054 1272 per
1076 1202 1161 1258 inter·

253 1289 426 1360 rogationem
462 1296 492 1344 et
520 1289 725 1360 responsionem
759 1285 975 1358 investigantur,
1009 1287 1103 1342 multis
1130 1293 1161 1344 et

253 1374 372 1428 maxime
391 1373 558 1430 tardioribus
581 1374 699 1445 ingeniis
723 1371 812 1444 magis
840 1378 938 1443 patent
962 1378 991 1429 et
1012 1373 1076 1430 ideo
1094 1372 1160 1444 plus

253 1459 380 1529 plaeent3
401 1475 487 1514 unum
506 1475 539 1512 ex
557 1457 611 1512 illis
630 1457 679 1528 qui
703 1457 757 1514 hoo
776 1456 912 1529 flagitant,
932 1458 980 1530 qui
992 1456 1071 1513 ‘inter
1089 1458 1161 1514 alios

254 1541 404 1597 instantius
422 1542 528 1598 adhoc
545 1559 588 1598 me
612 1542 758 1612 sollicitat,
780 1543 916 1615 accipiam
940 1558 1048 1597 menum
1066 1542 1160 1614 dispu-

255 1632 375 1697 tantem,
402 1633 434 1683 ut
455 1629 533 1682 Boeo
554 1633 687 1699 quaerat,
710 1634 739 1684 st
756 1628 905 1682 Arretinae
921 1627 1089 1698 respondeat
1107 1627 1160 1683 hoe

253 1711 344 1769 modo.

223 1881 235 1932 1
334 1849 375 1938 20
426 1887 513 1939 Boso.
554 1882 633 1940 Siout
661 1889 752 1939 reatus
785 1884 852 1941 ordo
863 1884 883 1954 ¹)
914 1881 1013 1955 exigit,
1042 1887 1074 1937 ut
1097 1898 1160 1952 pro-

254 1965 343 2022 funda
359 1966 526 2024 chistianae
543 1968 610 2025 fidei
628 1968 791 2038 credamus,
814 1969 976 2039 priusquam
993 1971 1027 2022 ea
1046 1981 1158 2037 praesu·

255 2069 362 2107 mamus
381 2053 490 2108 ratione
503 2053 659 2122 discutere,
676 2053 717 2108 ita
727 2053 900 2126 negligentia
911 2052 978 2107 mihi
991 2051 1110 2121 videtin,
1128 2051 1158 2120 si,

253 2141 403 2206 postquam
426 2135 581 2192 confirmati
600 2155 694 2193 sumus
711 2138 741 2192 in
757 2138 824 2208 fide,
851 2157 907 2194 non
925 2137 1067 2192 studemus
1085 2137 1159 2208 quod

221 2223 237 2274 2
254 2220 392 2276 eredimus
401 2221 564 2294 intelligere.
585 2220 760 2296 Quapropter
773 2225 903 2295 quoniam
916 2223 1008 2296 gratia
1016 2222 1071 2276 Dei
1079 2239 1158 2292 prae·

253 2305 382 2362 veniente
407 2305 492 2362 fidem
518 2313 629 2364 nostrae
653 2309 832 2366 redemtionis
850 2311 891 2366 sie
908 2313 978 2381 puto
997 2324 1041 2362 me
1057 2313 1159 2378 tenere,

254 2397 288 2446 ut
313 2391 397 2448 etiam
421 2392 445 2447 si
473 2393 552 2447 nulla
574 2393 682 2449 ratione
707 2393 782 2464 quod
805 2395 888 2450 eredo
910 2393 1014 2464 possim
1037 2409 1159 2463 eompre-

254 2473 390 2546 hendere,
413 2477 485 2532 nihil
506 2483 600 2534 tamen
622 2477 660 2532 sit
677 2479 752 2550 quod
769 2496 813 2536 me
832 2479 869 2534 ab
887 2478 947 2535 eius
965 2478 1095 2534 firmitate
1112 2493 1160 2533 va·

327 2699 353 2766 1)
382 2697 439 2754 cfr.
468 2698 649 2766 Proslopium
680 2715 704 2754 o.
736 2705 763 2753 1:
801 2698 881 2768 ,Non
911 2702 1003 2764 tento,
1033 2698 1159 2769 Domine,

255 2773 402 2852 penetrare
429 2766 606 2823 altitudinem
632 2774 723 2833 tuam,
751 2768 817 2848 quia
843 2767 1002 2848 nullatenus
1030 2784 1160 2850 comparo

255 2835 299 2892 ulli
315 2836 486 2918 mtelleotrnn
507 2853 615 2906 meum,
640 2837 690 2892 sed
712 2835 839 2918 desidero
862 2836 1038 2907 ahquatenus
1060 2836 1159 2893 intelh·

347 2911 492 2986 veritatem
516 2909 607 2986 tuam,
633 2921 717 2977 quam
740 2906 829 2961 credit
851 2911 880 2960 st
901 2910 977 2959 amat
995 2921 1159 2960 cormeum

256 2922 357 3058 ildino
383 2991 457 3030 surm
475 2990 578 3046 quaero
596 2974 779 3046 mtslligere,
793 2980 825 3030 ut
843 2973 970 3054 credam,
996 2974 1047 3029 sed
1068 2976 1160 3042 eredo,

255 3052 286 3097 ut
302 3043 466 3111 intelligam.
502 3042 575 3099 Nam
598 3049 627 3098 et
651 3043 705 3098 hoo
727 3042 824 3113 oredo,
870 3042 918 3096 uia
940 3041 996 3096 nisi
1011 3043 1152 3099 credidero

226 3137 231 3146 ·
255 3128 312 3167 non
329 3112 511 3194 intelligam.“
535 3139 570 3150 —
594 3111 711 3177 Qualem
729 3111 757 3168 S.
775 3112 852 3193 dnae
892 3129 924 3166 us
943 3109 1078 3167 rationem
1091 3081 1160 3193 fidei

255 3180 812 3332 matrissantes
830 3180 1160 3333 mxliii

255 3315 339 3390 bury.
357 3323 382 3386 ³,
400 3325 425 3376 2.
456 3318 741 3392 („D1eallgememen
758 3317 918 3391 Pnnorpren
934 3317 1032 3388 A.'s.“)
