2638 3818
395 291 474 350 GUR
490 289 594 348 DEUS
612 289 730 348 Hosto.
765 291 788 348 Ι.
806 297 831 349 9.
1032 289 1073 358 15

170 463 203 518 s'u
214 463 261 518 via
280 463 359 531 tutet,
373 470 528 531 propterca
546 458 681 514 mulcabo
697 468 798 530 euput;
810 461 831 532 ¹)
848 475 905 514 non
915 458 956 514 ito
966 459 1074 518 disum

171 554 229 618 est,
254 547 334 620 qussi
358 545 517 602 mullatenus
540 545 676 616 potuisset
698 545 843 617 pervenire
859 545 894 599 ad
910 544 983 600 hunc
1001 545 1074 602 exul·

170 633 304 690 tutionem
333 631 388 701 nisi
416 647 467 701 per
498 630 569 686 hunc
599 630 694 686 mortis
724 631 924 699 obedientiam,
953 636 981 686 et
1004 630 1073 688 huso

171 719 302 776 minuo
331 733 388 771 non
418 715 471 770 nisi
499 715 529 770 in
553 716 763 772 retributionem
788 715 870 772 huius
900 715 1075 772 obedientius

171 805 274 861 collate
302 803 339 858 sit
367 831 402 840 -
430 801 593 872 priusquam
624 801 697 857 enim
723 808 880 872 peteretur,
911 801 973 873 ipss
1005 801 1076 858 dixit

171 890 264 946 omnis
289 888 343 944 sibi
367 903 427 944 esse
447 887 550 942 unuin
573 887 720 955 sPstre¹)
744 894 773 944 et
791 889 885 944 omnio
902 887 995 944 Petris
1015 903 1075 942 esse

170 977 251 1038 σπη’)
277 1003 312 1012 —-
338 971 538 1044 sedquoniam
563 972 623 1042 ipse
648 990 711 1029 cnm
736 973 821 1030 Putre
845 980 996 1044 sanctoque
1015 972 1075 1044 spi-

169 1060 228 1116 ritu
246 1058 432 1126 disposuerat,
457 1075 488 1114 se
509 1075 565 1113 non
586 1057 667 1114 aliter
688 1074 772 1130 quum
794 1076 845 1129 per
863 1063 980 1114 mortem
996 1058 1075 1114 celsi·

169 1144 299 1200 tudinem
318 1141 531 1212 omnipotentiae
546 1159 614 1198 sues
637 1148 812 1198 ostensurum
828 1145 947 1212 mundo,
972 1143 1075 1216 quippe

171 1227 250 1301 quod
273 1245 328 1283 non
351 1227 405 1282 nisi
432 1247 483 1300 per
509 1229 586 1287 illum
612 1234 728 1283 mortem
754 1226 815 1282 fieri
837 1227 1001 1299 dispositum
1026 1235 1076 1299 est,

171 1330 238 1368 cum
254 1330 304 1383 per
320 1311 397 1368 iilum
414 1312 458 1380 fit,
485 1329 541 1367 non
566 1312 718 1384 incongrue
743 1311 843 1368 dicitur
864 1320 977 1385 propter
998 1315 1075 1370 illum

171 1398 241 1454 fieri
276 1399 305 1456 Si
325 1399 399 1454 enim
415 1397 584 1453 intendimus
606 1398 713 1469 aliquid
738 1397 844 1467 focem,
870 1397 920 1452 sed
948 1397 1076 1468 proponi·
1096 1398 1128 1449 14

173 1501 235 1538 mus
253 1501 302 1542 nos
318 1484 395 1556 prius
412 1482 490 1538 uliud
509 1482 645 1552 tenturos,
669 1500 720 1555 per
746 1482 909 1554 quodiflud
925 1481 988 1552 fist,
1013 1499 1077 1538 cum

173 1569 230 1632 iarn
254 1569 360 1624 factum
386 1568 527 1639 estquod
550 1567 677 1624 volumus
700 1569 879 1639 praecedere,
906 1568 930 1622 si
952 1568 984 1624 fit
1002 1568 1078 1640 qnod

173 1655 350 1724 intendimus,
368 1660 444 1710 recte
461 1653 563 1710 dicitur
582 1654 808 1726 properentur,
826 1654 955 1725 quonium
972 1654 1078 1710 fectum

172 1745 215 1796 est
237 1739 449 1812 propterquod
476 1739 670 1809 differebatur3
696 1739 762 1810 quin
784 1756 841 1796 non
864 1739 919 1796 nisi
941 1755 992 1810 per
1007 1737 1078 1792 illud

172 1824 233 1882 fieri
257 1824 423 1895 dispositum
442 1831 508 1880 erut
543 1824 616 1883 Nem
641 1825 665 1880 si
691 1825 807 1882 fluvium
832 1841 913 1897 quem
938 1841 1010 1895 equo
1033 1823 1078 1878 vel
1097 1822 1129 1876 tt

172 1910 238 1966 nuri
255 1910 373 1966 transire
390 1925 519 1978 possum,
541 1925 666 1980 propono
688 1927 733 1967 me
748 1928 806 1966 ncn
824 1907 878 1964 nisi
895 1909 961 1964 navi
978 1908 1078 1964 transi·

173 2000 281 2063 turum,
306 1999 335 2050 et
355 1993 460 2048 idcirco
479 1993 577 2052 differo
595 2002 778 2065 transmeare,
803 1994 869 2066 quia
886 1993 964 2049 nevis
982 1993 1077 2062 ebest3

173 2095 237 2134 cum
254 2077 310 2134 inm
327 2084 438 2148 praesto
456 2085 499 2135 est
515 2079 612 2149 novis,
637 2082 661 2136 si
678 2087 803 2150 trsmco,
828 2085 903 2136 reete
922 2078 958 2133 de
975 2095 1021 2134 mc
1038 2076 1078 2132 di-

175 2165 262 2224 eitur:
281 2165 360 2220 nevis
377 2170 476 2238 parsu
491 2163 553 2235 fuit,
572 2173 719 2238 propterea
736 2165 872 2222 transivit.
907 2164 945 2218 Et
962 2181 1018 2219 non
1037 2181 1079 2219 sc·
1100 2165 1131 2216 16

174 2250 234 2306 lum
260 2250 301 2306 ita
322 2249 476 2321 loquimur,
502 2252 613 2321 quondo
638 2269 689 2322 per
714 2251 785 2307 iliud
810 2252 885 2323 quod
913 2250 1080 2322 praecedere

174 2337 313 2406 volumus,
336 2335 387 2392 sed
409 2334 493 2390 cunm
514 2337 626 2407 quando
643 2355 699 2392 non
716 2337 767 2408 per
783 2337 867 2406 illud,
891 2335 940 2390 ssd
959 2341 1080 2390 tentum·

175 2422 258 2476 medo
277 2426 342 2494 post
359 2421 431 2476 illud
447 2420 540 2476 facere
557 2421 634 2478 uliud
653 2421 761 2492 aliquid
778 2420 933 2476 statuimus.
968 2420 999 2476 si
1016 2419 1081 2491 quis
1100 2418 1132 2469 17

177 2504 250 2560 enim
266 2506 359 2562 differt
381 2506 476 2563 cibum
501 2523 608 2564 sumere
631 2513 791 2578 propterea,
815 2505 882 2578 quie
906 2504 1030 2560 nondum
1047 2519 1082 2560 ce

176 2589 223 2647 die
245 2592 346 2648 misem
373 2589 553 2649 celebrationi
578 2590 675 2662 affim3
701 2597 814 2667 perpete
839 2590 914 2662 quod
938 2590 1017 2662 prins
1040 2588 1082 2646 fn·

175 2691 240 2732 cers
270 2677 397 2747 volebat,
429 2693 485 2732 non
515 2675 669 2747 incongrue
698 2677 801 2734 dicitius
829 2676 884 2732 illi:
920 2676 976 2732 iem
1004 2690 1083 2750 sume

175 2758 283 2831 cibum,
308 2768 456 2834 propterea
473 2760 540 2832 quie
564 2761 620 2816 iem
642 2762 734 2818 fecisti
752 2769 866 2834 propter
883 2761 958 2832 quod
974 2773 1083 2816 sumere

176 2844 334 2905 differebas.
382 2845 472 2902 Multo
500 2845 589 2918 igitur
617 2847 708 2904 minus
738 2848 872 2904 inusitate
901 2853 945 2904 est
971 2844 1132 2913 loeuti0,18

176 2948 241 2986 cnm
258 2930 383 2988 Christus
410 2931 511 2988 dicitur
538 2932 673 2988 mutatus
700 2940 848 3006 propterca
877 2931 944 3005 quis
967 2936 1083 2986 mortem

176 3016 323 3089 sustinuit,
351 3037 402 3090 per
429 3034 515 3090 quum
541 3023 658 3088 etpost
683 3013 769 3090 quum
789 3019 866 3074 illam
889 3013 1084 3076 exdtctiomm

249 3137 275 3204 ι)
292 3133 394 3192 psum.
413 3143 463 3194 roo
480 3133 559 3264 pul,
577 3143 601 3193 r.

247 3209 275 3266 u
305 3203 376 3260 nuc.
406 3209 451 3277 ιο,
482 3212 528 3263 ω
564 3204 664 3261 nene
695 3161 745 3276 μοὶ
772 3202 918 3281 παρεδόθη
947 3199 1003 3256 ens
1033 3200 1084 3256 we

175 3272 282 3349 πατρός
293 3293 362 3398 fou.

246 3347 272 3410 3)
309 3357 391 3401 ounn.
407 3348 447 3414 te,
468 3349 513 3399 15:
530 3342 629 3399 Πάντα
647 3340 701 3397 ὅσα
717 3337 803 3412 ἔχειὸ
821 3337 910 3414 πατὴρ
929 3336 984 3410 ἐμά
999 3337 1084 3396 ἔστιν.
