2638 3818
375 334 453 396 eun
470 336 572 394 nnus
590 333 709 391 nouo.
744 336 782 392 u
804 340 826 391 1.
846 341 892 392 ι..
1037 337 1080 404 53

175 506 286 573 amatl)
316 505 356 561 At
366 505 419 564 hoo
430 507 485 562 nisi
496 505 570 561 iusta
583 505 674 562 faeere
685 507 790 578 nequit
821 507 861 564 Ut
879 505 965 578 igitur
975 507 1113 564 frustm

173 609 230 646 uon
251 589 287 646 sit
302 583 460 662 rationalis,
481 591 563 648 simul
580 593 617 646 ad
634 593 686 648 hoo
702 593 845 648 rationalis
864 597 893 646 et
910 592 985 646 iusta
1004 591 1080 648 faeta

171 683 222 732 est.
250 677 331 742 Quod
349 679 373 732 si
391 678 427 732 ad
445 695 582 732 summum
595 677 700 734 bonum
716 678 877 750 eligendum
890 683 919 732 et
929 677 1079 732 amandum

172 762 246 818 iusta
266 763 341 818 faeta
365 767 418 832 est,
442 768 492 817 aut
515 763 578 818 talis
595 765 631 820 ad
650 764 703 818 hoo
720 763 795 818 faeta
812 770 862 833 est,
879 761 1078 832 utaliquando

171 854 366 920 assequeretur
389 849 463 920 quod
485 856 591 905 amaret
611 856 638 905 et
666 849 794 922 eligeret,
817 854 946 904 autnon.
982 847 1036 904 Sed
1055 847 1114 908 sie

171 950 228 988 non
245 932 353 988 adhoc
377 934 451 993 iusta
473 941 515 990 est
536 934 630 1004 faeta,
654 941 686 988 ιιι
709 936 783 1006 quod
802 935 842 990 sio
859 940 936 990 amat
954 939 982 989 et
999 931 1079 1005 eligit

171 1023 350 1090 assequatur,
374 1019 476 1076 frustra
499 1021 576 1075 faeta
597 1025 639 1076 est
659 1019 738 1089 talis,
762 1027 794 1074 ut
811 1021 851 1076 sio
870 1020 941 1074 illud
959 1023 1034 1074 amet
1050 1023 1079 1074 et

75 1167 86 1178 „
170 1105 273 1180 eligat3
299 1121 350 1159 neo
368 1105 425 1160 ulla
445 1107 516 1160 ratio
535 1104 600 1175 erit,
619 1121 668 1160 eur
685 1105 757 1160 illud
775 1105 887 1176 assequi
907 1104 1009 1184 debeat
1028 1104 1077 1159 ali-

170 1190 291 1261 quando.
327 1190 465 1255 Quamdiu
491 1208 558 1264 ergo
587 1191 706 1246 amando
730 1197 759 1246 et
784 1190 913 1263 eligendo
940 1191 1111 1246 summum?
1216 1248 1220 1254 p

172 1275 278 1330 bonum
295 1276 368 1331 iusta
387 1277 480 1346 faciet,
499 1276 535 1331 ad
556 1277 630 1348 quod
648 1277 723 1332 faeta
744 1283 793 1346 est,
810 1275 911 1338 misera
929 1275 994 1344 erit,
1012 1275 1078 1346 quia

171 1359 300 1429 indigens
324 1360 375 1416 erit
398 1368 494 1418 eontra
509 1363 693 1434 voluntatem,
715 1381 771 1418 non
788 1361 917 1418 habendo
937 1359 1013 1431 quod
1030 1360 1077 1414 de·

170 1443 287 1514 siderat3
321 1447 396 1516 quod
420 1447 502 1502 nimis
525 1449 678 1505 absurdum
702 1453 750 1502 est
795 1446 970 1518 Quapropter
994 1444 1111 1500 ratio-8

170 1529 243 1584 nalis
267 1537 365 1586 natura
387 1531 461 1588 iusta
486 1537 530 1587 est
552 1532 643 1608 faeta,
669 1539 702 1588 ut
719 1549 825 1588 summo
844 1532 918 1610 bono
937 1531 955 1586 i.
973 1548 996 1586 e.
1015 1529 1078 1586 Deo

170 1613 287 1670 fruendo
314 1617 399 1672 beata
433 1624 522 1688 esset;
556 1618 638 1674 homo
676 1636 742 1690 ergo
777 1619 827 1690 qui
855 1617 998 1674 rationalis
1028 1632 1077 1671 na-

171 1704 234 1754 tura
250 1708 304 1772 est,
327 1702 419 1758 faetus
437 1708 480 1758 est
497 1704 586 1778 iustus
603 1705 639 1760 ad
652 1704 723 1778 ¹hoo,
742 1710 774 1759 ut
792 1705 855 1760 Deo
872 1702 990 1757 fruendo
1011 1699 1078 1756 bea·

166 1788 212 1840 tus
229 1792 310 1842 esset.
967 1817 969 1821 ,

247 2027 289 2113 20
341 2061 410 2114 Ans.
440 2058 522 2124 Quod
538 2063 630 2114 autem
650 2059 715 2116 telis
731 2059 822 2115 faetus
840 2059 890 2129 sit,
904 2049 941 2112 ut
958 2055 1107 2113 necessi-l

167 2150 228 2200 tate
246 2161 301 2199 non
320 2150 486 2214 moreretur,
511 2144 576 2200 hine
599 2145 682 2200 facile
704 2145 851 2216 probatur,
876 2144 951 2216 quia,
967 2149 1000 2198 ut
1019 2143 1076 2197 iam

168 2231 328 2300 diximus‚²)
352 2231 506 2301 sapientiae
531 2237 559 2286 et
583 2231 706 2286 iustitias
723 2230 778 2286 Dei
801 2236 952 2302 repugnat,
980 2235 1012 2284 ut
1031 2245 1075 2283 oo·

168 2323 247 2388 geret
266 2317 406 2372 hominem
428 2322 544 2372 mortem
566 2317 626 2387 pati
651 2316 712 2370 sine
734 2315 831 2386 eulpa,
863 2331 947 2387 quem
972 2314 1076 2370 iustum

167 2401 236 2456 feeit
260 2403 297 2457 ad
322 2409 463 2458 aeternam
489 2400 698 2458 beatitudinem.
746 2401 876 2472 Sequitur
900 2417 980 2472 ergo,
1009 2399 1108 2470 quia2

169 2486 194 2562 si
212 2503 355 2558 nunquam
370 2493 515 2578 peccasset
530 2503 673 2558 uunquam
689 2491 849 2564 moreretur.

811 2657 828 2692 μ

241 2759 266 2826 1)
290 2757 346 2814 cfr.
363 2761 561 2830 Mouoloyiam
578 2777 603 2816 o.
620 2763 667 2815 68:
701 2757 791 2829 „Satis
813 2764 943 2841 patenter
967 2758 1077 2812 videtur

168 2843 251 2884 omne
275 2829 409 2885 rationale
436 2831 473 2884 ad
498 2829 552 2884 hoe
584 2828 712 2898 existere,
740 2833 773 2882 ut
797 2833 871 2884 sieut
892 2829 999 2884 ratione
1021 2825 1076 2879 dis-

168 2896 299 2964 eretionis
323 2897 430 2969 aliquid
456 2897 545 2954 maius
567 2899 612 2952 vel
634 2897 725 2952 minus
750 2899 855 2953 bonum
879 2895 937 2952 sive
952 2913 1010 2951 non
1026 2894 1076 2948 bo·

168 2983 237 3020 num
255 2964 372 3036 iudicat,
394 2968 435 3022 ita
456 2967 545 3038 magis
567 2971 617 3022 aut
640 2967 731 3021 minus
748 2966 779 3021 id
796 2970 871 3021 amet
887 2970 937 3020 aut
953 2982 997 3020 res
1018 2967 1075 3018 uat.

149 3033 247 3113 „Nihil
263 3033 349 3105 igitur
369 3037 491 3107 apertius
507 3053 592 3108 quam
612 3035 774 3091 rationalem
794 3040 948 3090 ereaturam
965 3050 984 3087 a
1020 3031 1075 3085 hoo

169 3120 230 3160 esse
252 3101 370 3166 factam,
394 3109 427 3158 ut
452 3122 587 3160 summam
614 3104 762 3159 essentiam
784 3110 859 3159 amet
882 3099 1076 3173 superomnia

167 3171 251 3256 bona3
271 3171 421 3243 sicutipse
441 3181 482 3230 est
498 3191 636 3229 summum
652 3173 771 3240 bonum3
790 3173 845 3228 imo
863 3178 896 3227 ut
914 3170 985 3225 nihil
1000 3173 1076 3224 amet

167 3241 223 3296 nisi
239 3239 318 3296 rllam
336 3247 386 3296 aut
407 3258 458 3312 pro
478 3250 521 3299 ter
543 3243 635 3304 illam;
658 3242 725 3313 quia
749 3241 798 3295 illa
815 3245 858 3296 est
874 3242 948 3296 bona
966 3253 1017 3311 per
1036 3255 1074 3306 se,

167 3315 198 3366 et
213 3310 284 3366 nihil
301 3310 379 3365 aliud
396 3317 439 3366 est
454 3262 558 3368 ionum
574 3310 628 3366 nisi
647 3329 697 3382 per
714 3310 816 3365 illam.“

237 3385 265 3449 2)
283 3379 357 3438 Vide
373 3379 437 3446 Jib.
455 3381 479 3436 Ι.
497 3399 521 3437 o.
539 3387 564 3453 9,
582 3386 606 3438 8.
