2638 3818
230 261 273 330 64
413 263 440 318 S.
459 261 631 320 ANSELMI
649 258 957 319 GANTUARIENSIS

180 443 211 494 1⁷
229 433 279 489 nbi
306 450 358 490 nec
387 434 494 490 coactio
520 433 580 488 ulla
607 439 650 488 est
674 449 727 489 nec
753 431 911 503 prohibitio.
960 429 1136 502 Quapropter

231 521 362 592 quoniam
378 520 456 576 Deus
473 520 596 591 perfecte
616 518 701 574 habet
719 535 736 573 a
752 536 783 574 se
805 517 943 590 quidquid
961 515 1063 585 habet,
1086 516 1135 572 ille

230 605 348 662 maxime
371 607 528 661 laudandus
551 611 593 660 cst
617 606 652 660 de
675 604 768 674 bonis,
792 622 864 676 quae
888 603 974 658 habet
998 607 1027 658 et
1043 605 1137 658 servat

228 711 285 749 non
306 693 365 748 ulla
391 694 571 760 necessitate,
598 691 661 759 sed,
689 689 762 744 sicut
785 689 897 760 supra1)
923 690 996 758 dixi,
1022 688 1136 761 propria

180 779 212 830 18
230 785 258 834 et
275 785 388 834 aeterna
410 775 642 831 immutabilitate.
678 775 725 831 Sic
746 792 813 847 crgo
831 775 914 830 homo
930 775 977 830 ille
995 775 1048 845 qui
1060 774 1136 829 idem

228 865 289 936 ipse
305 865 382 920 Deus
401 863 464 932 erit,
491 862 621 932 quoniam
642 879 722 918 omne
750 861 853 916 bonum
878 861 953 932 quod
974 861 1034 931 ipse
1050 859 1135 915 habe-

228 949 273 1005 bit
289 968 306 1004 a
324 964 354 1004 se
381 947 511 1017 habebit,
536 964 592 1002 non
616 947 782 1003 necessitate
805 946 855 1002 sed
877 945 1006 1002 libertate
1024 953 1053 1001 et
1069 963 1087 1000 a
1105 961 1136 1000 se

179 1037 211 1088 19
228 1036 290 1107 ipso
319 1035 408 1088 iustus
437 1040 465 1089 et
487 1034 590 1089 idcirco
612 1033 769 1088 laudandus
799 1032 859 1089 erit.
904 1033 1037 1096 Quamvis
1062 1030 1136 1088 enim

228 1121 350 1175 humana
368 1126 468 1175 natura
484 1137 501 1174 a
520 1121 615 1176 divina
633 1120 736 1175 habeat
752 1119 827 1189 quod
849 1117 979 1188 habebit,
1002 1118 1076 1173 idem
1093 1122 1135 1172 ta-

228 1223 293 1261 men
315 1206 375 1278 ipse
398 1225 416 1260 a
440 1205 532 1278 seipso
557 1208 697 1278 (quoniam
716 1207 789 1261 duae
807 1212 923 1260 naturae
942 1221 999 1259 una
1016 1219 1136 1276 persona

178 1294 210 1343 20
230 1295 319 1362 erunt)
337 1293 461 1350 habebit.
496 1295 565 1346 Bor.
586 1291 751 1348 satisfecisti
769 1291 836 1346 mihi
851 1309 885 1346 ex
901 1291 969 1360 hoc,
990 1297 1018 1345 et
1038 1295 1136 1361 aperte

228 1379 325 1447 video,
352 1379 417 1450 quia
441 1384 469 1434 et
491 1395 607 1449 peccare
626 1396 683 1432 non
699 1377 802 1449 poterit
821 1383 849 1432 ct
865 1384 959 1432 tamen
977 1375 1137 1431 laudandus

178 1466 208 1516 2¹
230 1466 281 1520 erit
310 1465 345 1520 de
372 1464 478 1519 iustitie
506 1480 564 1517 sua.
611 1464 667 1520 Sed
694 1481 768 1518 nunc
794 1463 983 1534 quaerendum
1010 1461 1135 1529 aestimo,

229 1565 293 1602 cum
310 1549 388 1604 Deus
411 1549 495 1603 talem
518 1556 612 1619 posset
634 1550 728 1605 facere
747 1548 900 1616 hominem,
925 1565 975 1603 cur
992 1565 1048 1602 non
1064 1545 1135 1602 tales

228 1631 296 1688 fecit
321 1633 435 1706 angelos
460 1639 489 1687 et
511 1634 581 1688 duos
605 1635 710 1704 primos
733 1634 872 1699 homines,
901 1638 933 1687 ut
956 1633 1081 1688 similiter
1106 1638 1135 1689 et

228 1734 345 1789 peccare
368 1737 425 1775 uon
447 1727 560 1792 possent
582 1724 610 1776 et
634 1722 669 1776 de
691 1721 798 1775 iustitia
814 1737 865 1774 sua
881 1719 1016 1774 laudandi
1034 1724 1134 1773 essent

176 1810 210 1862 22
228 1805 298 1861 Ana.
328 1805 480 1878 Intelligis,
506 1823 577 1878 quae
603 1805 692 1861 dieis?
727 1809 796 1860 Boe.
825 1805 932 1862 Videor
946 1803 1016 1882 ¹mihi
1033 1803 1135 1858 intelli-

177 1896 210 1948 23
227 1907 294 1964 gere
314 1897 342 1947 et
358 1891 461 1947 iticirco
479 1909 595 1962 quaero,
623 1909 673 1946 eur
699 1906 745 1944 eos
768 1892 838 1945 tales
860 1907 916 1945 uon
942 1888 1028 1944 fecit?
1063 1889 1133 1943 Aac.

228 1976 364 2042 Quoniam
389 1995 440 2033 nec
465 1977 557 2047 potuit
583 1994 634 2032 nec
661 1977 759 2032 debuit
783 1975 857 2046 fieri,
881 1980 915 2030 ut
943 1975 1136 2045 unusquisqne

227 2077 321 2116 eorum
345 2068 417 2116 esset
440 2060 513 2116 idem
541 2063 601 2133 ipse
625 2063 674 2133 qui
690 2061 781 2130 Deus,
805 2059 878 2114 sicut
896 2060 931 2116 de
948 2060 1059 2115 homine
1077 2060 1132 2114 isto

228 2146 358 2213 dicimus,
386 2151 415 2200 et
436 2147 459 2199 si
477 2148 600 2218 quaeris,
624 2165 674 2202 cur
694 2163 750 2200 nou
775 2144 811 2200 de
832 2151 874 2200 tot
899 2151 968 2217 quot
991 2150 1056 2200 sunt
1073 2159 1135 2216 per·

227 2246 312 2285 sonae
328 2229 390 2300 Dei,
408 2231 453 2285 vel
472 2232 570 2286 saltem
587 2231 621 2286 de
636 2249 693 2286 uno
708 2231 762 2287 hoc
780 2231 855 2301 fecit,
873 2231 1044 2302 respondeo:
1067 2228 1135 2300 quia

227 2317 298 2371 ratio
324 2323 391 2371 tunc
418 2316 479 2372 fieri
505 2317 662 2372 nuliatenus
690 2318 742 2372 hoc
769 2318 911 2389 exigebat,
943 2316 992 2372 sed
1020 2315 1132 2371 omnino
1177 2369 1180 2383 ,

177 2401 210 2451 24
227 2403 305 2475 (quia
331 2402 409 2457 Deus
436 2402 505 2457 nihil
531 2403 589 2458 sine
614 2403 720 2458 ratione
745 2403 825 2472 facit)
854 2402 1026 2474 prohibebat
1062 2403 1132 2457 Bos.

227 2487 369 2542 Erubesce
400 2488 465 2559 quia
493 2488 544 2542 hoc
573 2489 713 2558 quaesivi3
741 2489 786 2543 dic
813 2506 884 2560 quae
913 2488 1037 2542 dicturus
1064 2504 1133 2544 eras.

227 2573 296 2626 Aba.
332 2572 465 2628 Dicamus
491 2591 571 2646 ergo,
597 2574 663 2645 quia
684 2575 753 2629 mori
776 2592 832 2630 non
852 2574 977 2644 debebit,
1001 2574 1133 2646 quoniam

133 2694 136 2703 s
227 2676 283 2713 non
301 2657 353 2714 erit
369 2664 505 2728 peccator.
539 2661 607 2714 Boc.
626 2659 785 2716 Concedere
803 2676 846 2715 me
865 2662 981 2729 oportet.

195 2861 206 2914 1
306 2829 376 2915 11·
425 2865 494 2918 Ana.
530 2863 611 2920 Nunc
636 2873 729 2923 autem
754 2871 841 2922 restat
862 2863 1012 2935 indagare,
1038 2866 1132 2916 utrum

227 2947 314 3018 possit
337 2947 407 3003 mori
433 2951 584 3004 secuudum
607 2949 755 3006 humanam
780 2958 923 3020 naturam
949 2967 1015 3004 nam
1034 2962 1132 3002 secun-

193 3035 208 3085 2
226 3033 293 3088 dum
311 3027 433 3090 divinam
458 3035 675 3107 incorruptibilis
693 3054 801 3108 semper
818 3036 878 3090 erit.
913 3037 982 3090 Bos.
1018 3033 1063 3088 De
1079 3033 1133 3087 boc

227 3135 276 3173 cur
293 3118 421 3174 dubitare
440 3119 584 3190 debemus,
609 3137 672 3176 eum
690 3121 749 3192 ipse
766 3137 847 3176 verus
865 3120 947 3177 homo
966 3120 1076 3176 futurus
1096 3118 1134 3172 sit

297 3326 321 3391 1)
339 3340 362 3379 c.
382 3333 406 3393 5,
428 3325 468 3380 11.
