2638 3818
371 309 448 369 cua
466 309 568 368 nnus
587 307 704 366 nouo.
739 309 762 366 1.
782 315 860 367 4-s.
1046 307 1068 375 τ.-

165 483 243 538 iilam
260 481 433 554 dignitatem,
452 495 536 550 quam
554 477 699 551 habiturus
719 483 787 548 erat,
804 479 897 533 sinon
908 481 1069 548 peeoasset3

165 567 316 640 cumipse,
340 566 391 638 qni
415 582 472 620 non
497 563 552 618 nisi
568 563 622 619 Dei
645 579 741 619 servas
758 569 793 618 et·
815 563 938 634 amanlis
959 561 1067 635 angelis
1099 589 1102 597 J

164 653 244 708 benis
269 669 320 724 per
346 650 441 704 omnia
464 648 571 704 manus
598 655 671 718 erat,
698 665 793 704 servus
817 655 890 704 esset
917 647 991 716 eius,
1018 648 1068 719 qni

164 738 242 794 Deus
260 755 317 792 non
337 739 419 802 esset,
435 739 465 790 'et
481 735 559 790 euius
579 734 672 806 angeli
691 733 764 789 semi
782 749 839 788 non
854 735 954 788 ament

243 871 285 957 a
337 905 405 958 Boe.
438 904 500 961 nso
518 911 574 974 ese,
593 904 667 976 quos
685 903 932 971 suaseramus,
950 900 1016 972 qua
1034 899 1067 953 a·
1087 905 1099 955 1

164 990 337 1048 berationem
354 989 423 1046 hane
438 991 637 1046 redemtionem
653 1005 791 1044 voramus
823 989 858 1044 In
870 1005 927 1060 qua
938 999 1066 1056 namque,

165 1077 247 1132 aiunt
267 1073 359 1143 nobis,
383 1075 511 1147 oaptione
536 1081 585 1130 aut
609 1075 638 1129 in
662 1091 718 1146 quo
741 1087 852 1129 nartem
875 1079 924 1128 aut
938 1072 969 1126 in
989 1070 1069 1128 ouius

165 1164 304 1232 potestate
319 1159 493 1230 tenebamini,
512 1160 586 1216 unde
605 1175 654 1214 voa
673 1159 751 1214 Deus
768 1176 824 1214 non
836 1159 929 1228 potuit
939 1157 1066 1226 liberare,

166 1243 222 1300 nisi
239 1261 287 1300 vos
304 1251 344 1300 tot
361 1245 505 1302 laboribus
527 1251 556 1302 et
572 1245 608 1299 ad
626 1243 755 1300 ultimum
774 1261 825 1298 suo
842 1243 978 1314 sangnine
995 1241 1067 1297 redi·

167 1329 277 1385 meret?
310 1329 416 1396 Quibus
445 1345 509 1384 eum
535 1328 668 1384 dicimus:
698 1328 816 1384 redemit
840 1345 890 1384 nos
908 1344 926 1382 a
944 1325 1101 1398 peceatis2

169 1421 199 1470 et
214 1415 248 1470 ab
265 1415 305 1471 ira
321 1421 413 1472 suaet
426 1415 460 1470 de
475 1415 582 1470 inferno
595 1421 624 1470 et
638 1413 673 1470 de
684 1419 822 1486 potestate
840 1412 953 1482 diaboli,
974 1427 1066 1483 quem,

169 1499 235 1572 quia
251 1518 300 1556 noe
317 1517 374 1556 non
393 1506 559 1571 poteramus,
579 1501 639 1571 ipae
655 1515 706 1571 pro
721 1499 801 1556 nobis
812 1500 889 1555 venit
899 1513 1068 1569 expugnare,

170 1591 198 1642 et
213 1587 328 1644 redemit
346 1585 427 1642 nobis
445 1601 562 1657 regnum
585 1585 738 1655 ooelomm3
762 1591 791 1640 et
808 1585 874 1656 qaia
890 1583 961 1638 haee
977 1582 1070 1638 omnia

168 1671 219 1728 hoo
239 1671 323 1728 modo
340 1671 416 1740 feeit,
437 1671 558 1726 ostendit
576 1675 711 1742 qnantum
727 1687 777 1725 nos
796 1670 937 1741 diligerem
957 1685 1070 1739 respon-

167 1758 244 1815 dent:
271 1757 301 1814 Si
320 1756 420 1826 dicitis,
445 1757 511 1829 qnia
528 1755 605 1812 Deua
628 1756 698 1810 haee
721 1756 815 1810 omnia
839 1755 931 1810 faeere
946 1771 1002 1808 non
1019 1756 1102 1823 po·3

164 1843 219 1897 tuit
237 1843 296 1898 solo
312 1841 399 1910 iussu,
418 1857 504 1912 quem
519 1847 622 1895 cuneta
643 1839 766 1896 iubendo
779 1857 887 1897 creasse
907 1838 1006 1907 dicitis,
1026 1853 1068 1893 re·

164 1927 298 1999 pugnatis
325 1925 543 1996 vobismetipsis,
570 1925 636 1997 quia
663 1925 842 1996 impotentem
866 1925 946 1979 illum
968 1923 1068 1980 facitis.

164 2014 225 2068 Ant
247 2011 271 2066 si
295 2008 435 2078 fatemini,
454 2011 531 2081 ¹quia
555 2011 659 2082 potuit,
685 2011 734 2065 sed
756 2028 813 2066 non
837 2010 926 2064 voluit
941 2009 995 2063 nisi
1015 2009 1102 2066 hocd

165 2096 262 2152 modo:
298 2094 435 2167 quomodo
473 2095 627 2166 sapientem
658 2096 738 2151 illum
755 2095 917 2151 vostendere
943 2094 1068 2166 potestis,

165 2200 250 2255 quem
267 2181 326 2236 sine
341 2179 400 2234 ulla
423 2180 529 2236 ratione
551 2185 608 2235 tam
631 2181 789 2238 indecentia
806 2181 878 2237 velle
895 2179 954 2252 pati
972 2179 1080 2236 asseri-¹

164 2268 221 2324 tis?
257 2265 358 2323 Omnia
380 2264 453 2320 enim
477 2265 546 2321 haee
569 2283 641 2338 quae
667 2267 818 2322 obtenditis
839 2266 869 2320 in
892 2266 951 2321 eins
973 2265 1102 2323 volun-5

164 2358 224 2408 tate
247 2351 416 2412 oonsistunt3
444 2349 485 2403 ira
512 2367 632 2422 namque
654 2350 708 2406 Dei
736 2367 793 2405 non
816 2357 859 2406 est
884 2351 961 2405 aliud
985 2367 1070 2422 qnam

165 2437 293 2492 voluntas
324 2433 466 2507 puniendi
508 2434 538 2492 Si
569 2453 635 2509 ergo
661 2454 717 2492 non
745 2437 806 2491 vult
832 2436 930 2506 punire
953 2441 1103 2507 peeeatad

165 2522 317 2592 hominum,
341 2520 412 2576 liber
427 2525 470 2575 eat
485 2521 573 2576 homo·
585 2537 611 2576 a'
621 2520 743 2594 peeoatis
760 2527 789 2576 et
804 2521 840 2576 ab
859 2521 901 2575 ira
917 2519 973 2576 Dei
990 2527 1018 2576 et
1033 2520 1069 2577 ab

167 2606 274 2662 inferno
292 2612 356 2662 eta
373 2609 510 2677 potestate
533 2605 651 2676 diaboli,
677 2623 749 2679 quae
767 2607 859 2662 omnia
876 2613 988 2678 propter
1006 2623 1073 2678 pen-v

166 2697 232 2748 eata
251 2691 369 2763 patitur3
395 2695 423 2747 et
447 2690 547 2762 recipit
569 2709 616 2762 ea,
640 2691 741 2764 quibas
762 2697 876 2763 propter
892 2693 989 2748 eadem
1005 2707 1070 2763 pee-

167 2783 233 2832 eata
248 2777 380 2847 privatur.
415 2776 488 2833 Nam
506 2775 536 2830 in
559 2777 639 2832 euim
663 2783 801 2849 potestate
822 2782 864 2832 est
881 2777 1003 2834 infernus
1021 2778 1103 2832 anti

167 2861 315 2934 diabolus?
340 2868 389 2917 aut
407 2861 486 2916 euius
505 2868 547 2917 eet
564 2879 682 2935 regnum
697 2862 836 2918 coelorum
853 2861 907 2916 nisi
925 2864 999 2931 eius,
1021 2859 1070 2932 qui
1099 2882 1103 2891 ⁴
1207 2857 1210 2863 '

166 2945 236 3002 feeit
260 2948 371 3004 onmia?
403 2947 595 3018 ¹Quaecunque
620 2947 715 3019 itaque
738 2947 842 3002 timetis
862 2953 911 3003 aut
930 2945 1069 3003 desidera·

166 3029 212 3100 tis,
238 3030 298 3085 eius
317 3031 455 3086 voluntati
481 3033 639 3102 subiacent,
663 3033 709 3088 oui
733 3033 802 3088 nihil
823 3033 949 3088 resistere
971 3035 1070 3102 potest

167 3115 342 3188 Quapropter
365 3116 390 3170 si
413 3117 565 3172 humanum
581 3135 669 3189 genus
686 3119 794 3173 salvare
813 3116 915 3186 noluit,
939 3115 994 3170 nisi
1013 3121 1105 3188 quot

168 3197 260 3256 dicitis
287 3202 412 3270 modost)
441 3219 504 3258 enm
532 3203 592 3259 sola
617 3203 760 3258 voluntate
787 3202 891 3274 potuit:
919 3207 952 3257 at
976 3201 1071 3258 mitius

237 3359 263 3420 1)
283 3354 342 3407 nisi
357 3359 494 3424 quomodo
512 3357 606 3414 dioits'a
623 3355 728 3412 Aabe
748 3353 770 3409 C
788 3353 825 3409 D.
