2638 3818
211 999 249 1102 ι
313 1003 354 1121 s.
389 1001 620 1120 rosano
663 999 1086 1120 rememoras

479 1273 630 1345 LIBER
664 1271 915 1346 SECUNDUS

390 1463 1014 1556 cornaranoro

600 1731 810 1742 -un———n———n—

216 1904 228 1954 1
328 1866 366 1952 1·
418 1897 575 1952 Ansebmos.
599 1897 776 1953 Rationalem
793 1901 921 1950 naturam
938 1913 955 1950 a
972 1895 1034 1951 Deo
1053 1896 1156 1952 factam

248 2003 308 2043 esse
330 1984 448 2051 iustam,
473 1988 505 2036 ut
530 1981 578 2037 illo
602 1981 721 2036 fruendo
745 1982 830 2036 beata
847 1985 932 2051 esset,
960 1981 1082 2038 dubitari
1101 2001 1157 2038 non

247 2070 338 2124 debet
373 2067 442 2121 Ideo
468 2081 588 2136 namque
615 2066 758 2120 rationalis
784 2072 842 2135 est,
867 2071 900 2120 ut
927 2066 1065 2123 discernat
1085 2069 1158 2123 inter

247 2155 351 2208 iustum
369 2157 398 2206 et
414 2150 562 2219 iniustum,
586 2150 658 2206 inter
675 2153 778 2208 bonum
796 2159 825 2207 et
841 2152 959 2223 malum,
978 2153 1051 2208 inter
1067 2154 1157 2208 maius

248 2238 353 2294 bonum
376 2241 404 2292 et
426 2235 517 2290 minus
543 2236 661 2306 bonum;
692 2239 816 2310 alioquin
847 2239 951 2294 frustra
977 2237 1054 2294 faeta
1082 2243 1158 2294 esset

213 2322 398 2379 trationalis.
434 2320 488 2377 Sed
506 2321 583 2376 Deus
605 2339 661 2376 non
684 2322 751 2378 feeit
774 2342 835 2379 eam
857 2324 1020 2380 rationalem
1045 2323 1157 2378 mustra

248 2409 341 2474 Quare
363 2408 399 2463 ad
422 2407 476 2462 hoo
495 2423 556 2461 eam
579 2405 683 2462 factam
708 2427 769 2464 esse
789 2411 953 2466 rationalem
971 2410 1086 2464 dubium
1101 2425 1158 2462 non

248 2500 298 2549 est.
334 2493 423 2549 Simili
449 2493 556 2548 ratione
579 2493 730 2564 probatur,
759 2496 825 2568 quia
852 2497 889 2551 ad
912 2497 966 2550 hoe
983 2494 1093 2565 accepit
1108 2510 1157 2564 po·

247 2584 376 2634 testatem
409 2578 583 2646 discernendi
610 2585 643 2633 ut
672 2580 777 2636 odisset
804 2587 832 2636 et
865 2582 966 2636 ritaret
992 2581 1096 2635 malum
1124 2595 1157 2632 ao

248 2672 354 2718 amaret
384 2668 413 2718 et
444 2651 560 2734 eligeret
582 2663 701 2735 bonum,
729 2673 813 2738 atque
835 2666 924 2721 maius
946 2666 1050 2721 bonum
1067 2663 1157 2737 magis

214 2748 378 2821 ddiligeret
406 2754 435 2804 et
460 2749 583 2822 eligeret.
629 2750 721 2806 Aliter
746 2769 866 2824 namque
889 2751 993 2806 frustra
1016 2750 1058 2804 illi
1075 2750 1155 2805 Deus

248 2835 370 2891 dedisset
398 2840 564 2906 potestatem
591 2834 669 2890 illam
695 2835 882 2905 discernendi,
910 2834 977 2906 quia
1002 2836 1031 2890 in
1054 2849 1157 2888 vanum

248 2921 432 2991 discerneret,
463 2921 487 2975 si
517 2921 670 2976 seeundum
698 2921 891 2978 discretionem
918 2937 974 2974 non
999 2924 1104 2975 amaret
1123 2922 1158 2996 ¹et

246 3007 354 3062 vitaret.
391 3007 447 3064 Sed
473 3021 530 3060 non
555 3007 698 3075 convenit,
723 3013 755 3061 ut
772 3007 849 3061 Deus
866 3011 974 3061 tantam
991 3011 1157 3076 potestatem

213 3093 350 3148 tfrustra
369 3093 486 3148 dederit.
520 3093 567 3146 Ad
590 3093 643 3148 hoo
664 3093 760 3164 itaque
784 3089 887 3146 factam
911 3108 970 3147 esse
993 3090 1157 3146 rationalem

246 3183 375 3233 naturam
402 3183 508 3233 eertum
532 3184 588 3248 est,
614 3185 646 3234 ut
668 3194 805 3233 summum
828 3175 933 3232 bonum
957 3193 1040 3247 super
1065 3174 1158 3230 omnia

246 3269 353 3318 amaret
389 3270 417 3318 et
449 3263 578 3336 eligeret,
613 3283 669 3320 non
704 3268 818 3333 propter
852 3263 930 3317 aliud
964 3261 1013 3316 sed
1044 3263 1158 3330 propter

245 3344 351 3414 ipsum
380 3346 414 3400 si·
434 3347 508 3402 enim
535 3354 648 3420 propter
676 3346 765 3414 aliud,
798 3365 854 3402 non
884 3347 975 3418 ipsum
1001 3346 1050 3400 sed
1079 3341 1157 3400 aliud
