2638 3818
380 289 462 362 *cun
480 304 581 364 nnus
601 303 719 370 nouo.
755 307 793 365 11.
813 313 877 366 rsa.
892 291 920 364 t.
1068 274 1107 378 tt

204 474 290 532 vitam
313 481 393 533 sua'm
415 484 447 534 ut
477 496 619 551 nunquam
649 483 814 548 moreretur,
845 465 1029 534 dubitandum
1053 497 1109 536 non

205 565 247 616 est
266 562 333 634 quia
350 581 458 637 semper
480 564 579 621 habuit
586 565 606 638 ¹)
629 570 796 637 potestatem
819 565 961 633 servandi3
983 565 1109 637 quamvis

203 648 358 720 nequiverit
375 649 447 707 velle
465 668 583 720 servare,
600 657 633 707 ut
648 668 791 722 nunquam
808 656 972 719 moreretur3
997 656 1025 706 et
1042 668 1109 721 quo·
1144 699 1147 704 .

203 733 279 790 niam
298 734 351 791 hoc
377 754 395 792 a
415 737 506 814 seipso
528 737 627 794 habuit
648 743 681 792 ut
704 735 810 792 scilicet
836 735 907 790 velle
932 754 989 792 non
1006 742 1108 806 posset,

204 836 259 875 non
275 821 441 877 necessitate
459 823 509 878 sed
526 823 616 879 libera
633 829 770 894 potestate
782 823 902 878 animam
916 839 993 876 suam
1006 821 1107 892 posuit.

195 904 273 961 'Boe
309 907 372 965 Non
395 907 505 963 om'nino
528 909 631 965 similes
648 909 762 965 fuerunt
787 907 817 964 in
833 907 881 963 i110
899 907 969 964 istae
987 912 1107 980 potesta·
1125 908 1140 958 t

202 997 253 1060 tes,
273 992 423 1048 mentiendi
448 994 554 1051 scilicet
577 999 606 1049 et
623 992 752 1049 servandi
779 993 874 1047 vitam.
908 993 954 1048 Ibi
973 993 1046 1050 enim
1065 1011 1108 1051 se·

203 1079 305 1149 quitur,
324 1078 391 1151 quia
409 1079 433 1134 si
453 1079 546 1150 vellet,
564 1083 659 1154 posset
676 1077 802 1148 mentiri;
819 1078 865 1132 hic
878 1086 972 1134 autem
988 1079 1107 1148 videtur,

204 1164 269 1232 quia
289 1163 312 1217 si
331 1165 399 1218 mori
418 1181 474 1219 non
491 1163 620 1229 vellet‚²)
643 1179 700 1218 non
719 1162 808 1234 magis
825 1163 879 1218 hoc
895 1170 1000 1235 posset,
1024 1181 1108 1236 quam

204 1255 295 1318 posset
321 1267 377 1304 non
401 1266 461 1304 esse
485 1248 644 1320 quoderat
680 1250 752 1306 Nam
770 1247 807 1303 ad
827 1247 879 1302 hoc
898 1255 958 1304 erat
974 1249 1056 1305 hemo
1076 1254 1108 1305 ut
1124 1239 1146 1306 ⁸.

205 1341 360 1405 moreretur,
381 1341 409 1390 et
426 1341 539 1406 propter
555 1334 637 1391 huius
656 1336 767 1392 futurae
784 1333 878 1390 mortis
895 1333 979 1389 fidem
997 1333 1031 1390 de
1044 1333 1107 1390 Vir-

205 1419 270 1492 gine
284 1420 374 1491 potuit
392 1420 510 1486 assumi,
534 1421 607 1477 sicut
625 1439 710 1492 supra
728 1419 829 1476 dixisti.
864 1421 935 1474 Am,
970 1410 1140 1486 Quernas-9

203 1503 314 1560 modum
329 1512 411 1576 putas
437 1505 516 1561 illum
543 1525 599 1562 non
619 1507 742 1580 potuisse
759 1524 815 1561 non
835 1505 904 1560 mori
923 1511 972 1560 aut
989 1503 1107 1560 necessi-

204 1595 262 1646 tate
282 1597 419 1647 mortuum
438 1607 507 1661 esse,
525 1594 592 1666 quia
608 1613 664 1650 non
681 1591 774 1663 potuit
790 1608 845 1646 non
866 1609 926 1647 esse
943 1590 1018 1661 quod
1032 1595 1107 1658 erat3

204 1675 244 1730 ita
262 1683 340 1748 potes
360 1693 482 1732 asserere
499 1677 579 1732 illum
596 1695 653 1732 non
670 1676 795 1749 potuisse
811 1675 883 1733 velle
900 1693 956 1732 non
972 1675 1042 1731 mori
1060 1680 1108 1728 aut

201 1762 366 1819 necessitate
389 1763 459 1818 mori
481 1763 616 1863 voluisse,
643 1763 774 1835 quoniam
796 1761 871 1834 quod
893 1767 954 1816 erat
974 1777 1030 1815 non
1048 1777 1108 1840 esse

201 1867 257 1905 nen
281 1848 387 1920 potuit;
416 1867 471 1904 non
494 1850 565 1906 enim
590 1848 679 1920 magis
702 1847 762 1921 ipse
781 1845 872 1902 factm
896 1852 938 1901 est
962 1845 1043 1901 homo
1070 1830 1107 1899 acl

200 1935 253 1990 hoc
277 1941 309 1990 ut
336 1940 495 2002 moreretur,
525 1949 609 2004 quam
639 1939 672 1987 ut
701 1932 785 1988 vellet
818 1931 894 1987 mori.
932 1930 1106 2002 Quapropter
1126 1924 1157 1975 10

202 2021 274 2076 sicut
287 2037 343 2076 nen
356 2020 440 2076 debes
453 2019 552 2088 dicere,
572 2018 638 2090 quia
654 2036 711 2074 non
721 2018 813 2092 potuit
824 2034 881 2072 non
893 2017 964 2073 velle
975 2015 1044 2071 mori
1056 2022 1105 2070 aut

201 2103 365 2162 necessitate
382 2105 471 2160 voluit
487 2105 571 2172 mori,
592 2105 631 2159 sic
649 2121 706 2159 non
724 2104 946 2172 estimandum,
967 2101 1106 2174 quianon

200 2191 293 2264 potuit
304 2208 360 2246 non
370 2190 439 2245 mori
451 2194 502 2246 aut
512 2189 676 2246 necessitate
688 2197 812 2247 mortuus
823 2196 870 2246 est
887 2187 956 2242 Bos.
969 2187 1029 2241 Imo
1039 2204 1106 2258 quo·
1125 2181 1154 2233 11

201 2277 276 2331 niam
289 2276 378 2334 eidem
392 2276 538 2333 subiacent
549 2275 657 2342 rationi,
669 2276 775 2332 scilicet
789 2275 894 2330 etmori
907 2280 935 2330 et
945 2274 1017 2344 velle
1028 2272 1105 2341 mori,

201 2367 348 2434 utrumque
366 2361 476 2418 videtur
493 2361 522 2415 in
542 2361 590 2417 illo
607 2359 772 2418 necessitate
785 2359 877 2414 fuisse.
904 2361 974 2415 Ana.
992 2357 1061 2432 Quis
1075 2375 1105 2414 se
1124 2349 1156 2404 1²

202 2452 300 2516 sponte
317 2447 406 2502 voluit
416 2447 554 2503 hominem
565 2446 665 2517 facere,
679 2452 712 2502 ut
724 2443 820 2501 eadem
833 2443 999 2500 immutabili
1010 2443 1106 2498 volun-

200 2535 259 2586 tate
282 2536 450 2602 moreretur,
477 2539 505 2587 et
532 2549 583 2603 per
609 2531 690 2586 huius
715 2529 799 2586 fidem
826 2529 1000 2585 certitudinis
1016 2529 1105 2600 Virgo

201 2616 306 2672 munda
322 2615 408 2688 fieret,
426 2618 461 2673 de
482 2634 537 2690 qua
551 2617 633 2672 hemo
646 2615 694 2673 ssle
705 2615 911 2672 assumeretur?
940 2617 1008 2670 Boe.
1026 2615 1105 2670 Deus

200 2700 290 2756 Filius
307 2702 369 2761 Dei.
404 2703 473 2756 Ana.
499 2699 599 2758 Nonne
617 2708 800 2758 monstratum
818 2709 860 2758 est
878 2704 1006 2774 supra,³)
1030 2697 1105 2771 quod
1125 2699 1156 2750 13

200 2785 256 2842 Dei
276 2783 404 2842 voluntas
429 2785 508 2841 nulla
533 2785 642 2858 cogitur
666 2787 847 2858 necessitate,
880 2787 930 2842 sed
959 2787 1017 2856 ipse
1046 2783 1104 2850 ιε’)
1148 2779 1152 2786 ’

200 2875 354 2941 spontanea
372 2888 423 2926 sua
444 2877 535 2928 servat
552 2871 784 2947 immutabilitate,
805 2873 917 2945 quando
936 2867 1037 2923 dicitur
1054 2865 1103 2921 ali·

201 2953 268 3026 quid
295 2958 461 3013 necessitate
489 2955 600 3012 facere?
636 2959 703 3010 Bos.
738 2955 812 3015 Vere
845 2959 1026 3011 monstratum
1055 2956 1103 3005 est

268 3163 529 3228 institerant„
752 3205 755 3212 .

207 3231 294 3298 2)
312 3249 392 3286 mot-c
402 3249 457 3286 aon
473 3231 555 3287 uellet
571 3230 679 3288 Aa-
697 3247 754 3285 aon
773 3244 847 3282 mors
841 3226 952 3281 veltet.

266 3303 293 3438 l)
311 3308 378 3441 iprsli
395 3365 679 3426 scAachCE
700 3365 762 3422 Ila.
