2638 3818
405 297 484 355 cun
500 295 602 352 nnus
621 294 740 352 nouo.
775 295 860 370 un.
1044 301 1085 366 31

178 467 329 522 humanam
345 475 475 523 naturam
494 471 543 520 ant
567 465 605 520 ad
628 464 860 534 complementum
886 465 1010 522 eiusdem
1025 484 1087 538 per-

178 551 306 608 fectionis
331 569 392 608 esse
414 551 519 606 iactam
541 556 590 604 ant
616 550 658 604 1111
685 551 927 620 superabundare,
945 553 1030 623 ¹quod
1051 554 1087 611 ds

179 636 287 692 minimi
313 636 458 694 vermiculi
483 642 584 692 natura
608 636 701 692 dicere
725 653 782 691 non
809 634 951 692 audemus.
996 636 1087 701 Quare
1107 632 1136 684 ll

179 740 231 794 pro
254 741 284 779 se
304 723 368 793 ipsa
393 720 433 776 ibi
452 721 526 775 facta
544 728 586 777 est
603 727 632 778 et
649 739 705 776 non
724 721 813 776 solum
831 739 882 792 pro
898 723 1087 776 restaurandis
1192 716 1194 719 ’

180 807 333 863 individuis
349 805 463 862 alterins
474 812 598 862 naturae.
627 806 711 862 Unde
723 806 818 877 pelam
832 812 881 875 est,
898 806 964 878 quia
978 806 1087 862 etiamsi
1126 815 1131 860 ζ.

179 893 298 964 angelus
316 890 411 946 nullus
428 891 568 960 periisset,
590 891 716 946 homines
734 893 873 948 tamenin
891 892 1004 946 coelesti
1021 891 1086 957 civi·

178 981 239 1033 tate
263 993 345 1030 suum
368 976 459 1030 locum
482 977 654 1032 habuissent.
689 977 820 1048 Sequitur
837 976 948 1048 itaque,
972 977 1038 1049 quia
1057 978 1087 1034 in
1107 975 1138 1030 12

180 1061 291 1134 angelis
311 1066 459 1134 antequam
477 1062 591 1133 quidam
612 1062 722 1117 illorum
740 1064 879 1130 caderent,
896 1079 952 1118 nen
964 1070 1024 1119 erat
1040 1063 1088 1120 ille

179 1146 322 1220 per-iectus
338 1164 482 1217 uumerus3
509 1147 634 1219 alioquin
650 1164 764 1203 necesse
782 1155 855 1217 erat,
880 1153 912 1202 ut
935 1156 985 1204 aut
1002 1149 1088 1206 homi·

178 1249 230 1288 nes
251 1237 301 1286 aut
318 1233 411 1304 angeli
429 1233 517 1304 aliqui
536 1234 682 1294 caderent:
703 1234 835 1305 quoniam
854 1239 932 1288 extra
944 1251 1090 1290 numerum

180 1318 263 1373 illum
288 1317 442 1388 perlectum
468 1318 592 1387 nullus1)
617 1334 730 1374 manere
754 1322 873 1389 poteret.
920 1320 989 1376 Bos.
1026 1320 1140 1377 111113

180 1403 253 1458 nihil
269 1403 384 1460 efficieti.
419 1405 490 1458 Ans.
525 1404 578 1457 Est
597 1407 626 1456 et
652 1403 708 1458 alia
724 1403 808 1472 ratio,
835 1409 868 1457 ut
885 1403 952 1458 mihi
972 1404 1089 1475 videtur,

182 1505 256 1560 quae
271 1507 326 1544 non
344 1505 445 1560 parum
468 1489 638 1560 suffragetur
660 1489 701 1543 illi
723 1489 891 1560 sententiae,
915 1507 986 1561 quae
1005 1508 1089 1563 auge·

181 1573 225 1628 los
242 1577 296 1628 non
315 1591 376 1631 esse
394 1574 485 1631 iactos
508 1575 538 1628 11
558 1574 682 1644 perfecto
703 1592 819 1630 numero
838 1574 984 1630 existimet
1020 1580 1089 1632 Bos,

166 1656 236 1712 ’Dic
254 1659 338 1715 illam.
373 1660 444 1714 Am.
471 1659 502 1715 Si
521 1660 615 1730 angeli
634 1660 664 1714 in
681 1658 729 1713 illo
744 1660 868 1730 perfecto
887 1677 1002 1716 numero
1020 1662 1090 1718 fecti
1110 1664 1142 1716 14

183 1750 254 1814 aunt,
276 1749 304 1800 et
320 1744 481 1800 nullatcnus
497 1742 565 1798 facti
584 1749 649 1796 sunt
667 1743 791 1799 homines
809 1745 863 1799 nisi
880 1762 931 1816 pro
950 1752 1089 1800 restaura-

180 1827 256 1884 tione
275 1828 446 1900 perditorum
464 1828 641 1899 angelorum,
661 1826 754 1898 palam
772 1834 822 1897 est,
840 1829 906 1899 quia
922 1830 977 1885 nisi
996 1831 1090 1903 angeli

180 1914 217 1970 ab
241 1914 293 1969 illa
315 1913 489 1970 beatitudine
513 1913 693 1982 cecidissent,
717 1911 841 1968 homines
865 1916 902 1968 ad
929 1914 1006 1970 illam
1033 1933 1090 1970 non

180 2001 372 2056 ascenderent.
419 2001 487 2053 Bos.
522 1999 585 2053 Hoc
613 2004 729 2054 constat.
773 1999 843 2054 Am.
880 1999 910 2056 Si
939 2000 1001 2070 quis
1025 2011 1142 2062 111115

182 2084 291 2153 dixerit,
312 2084 378 2156 quia
394 2083 700 2156 tantumlaetabuutur
715 2083 796 2139 electi
810 2084 937 2142 ‘homines
954 2086 989 2142 de
1008 2102 1093 2158 ange·

183 2169 275 2225 losum
297 2169 467 2241 perditione,
495 2177 630 2240 qnantum
655 2167 820 2241 gaudebunt
851 2170 886 2227 de
910 2189 961 2229 sua
986 2189 1091 2226 assum·

181 2255 273 2325 lione,
300 2257 431 2327 quoniam
454 2256 561 2328 absque
587 2256 672 2310 dnbio
699 2255 769 2310 haec
791 2273 847 2314 non
874 2263 947 2312 esset
969 2257 1023 2311 nisi
1043 2257 1093 2312 illa

182 2339 298 2412 fuissetq
325 2342 464 2412 quomodo
481 2338 620 2412 poterunt
632 2341 669 2396 ab
687 2341 740 2395 hac
757 2357 888 2410 perverse
905 2342 1092 2411 gratulatione

184 2426 318 2482 defendi?
344 2433 395 2482 aut
424 2429 562 2498 quomodo
583 2429 706 2484 dicemus
726 2425 842 2496 angelos
859 2425 907 2494 qui
924 2425 1093 2495 ceciderunt,

184 2520 220 2563 ex
238 2510 395 2580 hominibus
412 2519 598 2584 restauratos,
621 2514 646 2568 si
668 2512 710 2568 illi
728 2511 788 2566 sine
808 2511 862 2565 hoc
879 2510 946 2565 vitio
966 2527 1093 2582 perman·

185 2594 244 2649 suri
261 2602 341 2652 11111
364 2599 389 2652 si
413 2616 469 2653 non
492 2599 669 2668 cecidissent,
690 2598 720 2653 id
745 2604 800 2666 est,
825 2597 884 2652 sine
906 2597 1093 2669 gratulstione

186 2677 223 2732 de
241 2696 307 2736 casu
324 2683 459 2753 aliorum3
485 2683 535 2739 isti·
556 2700 621 2740 vero
646 2684 705 2740 sine
723 2683 771 2737 illo
786 2699 847 2738 esse
867 2701 923 2739 non
942 2683 1094 2754 poterunt?

185 2763 247 2821 Iuro
283 2771 403 2840 qualiter
437 2787 502 2824 cum
537 2769 590 2824 hoc
626 2769 694 2824 vitio
729 2768 804 2826 beati
839 2785 899 2823 esse
933 2766 1094 2824 debebunt?
1114 2766 1145 2818 ts

185 2847 298 2907 Deinde
320 2871 376 2926 qua
401 2854 520 2910 audacia
538 2854 673 2918 dicemus,
695 2854 788 2910 Deum
805 2871 861 2908 non
882 2853 954 2909 velle
972 2858 1094 2907 autnon

185 2951 270 3004 posse
290 2937 361 2994 hanc
386 2939 615 2997 restaurationem
641 2940 699 2994 sine
721 2939 775 2994 hoc
792 2939 859 3013 vitio
877 2937 989 2992 iacere?
1025 2937 1093 2990 Bos.
1114 2938 1145 2989 ll

186 3018 288 3076 Nonne
311 3023 437 3081 similiter
459 3033 502 3081 est
523 3025 553 3079 in
571 3025 709 3081 Gentibus
728 3041 800 3095 quac
823 3025 859 3080 ad
877 3023 961 3078 iidem
980 3029 1095 3080 vocatae

185 3112 261 3176 sunt,
283 3107 349 3178 quia
364 3109 441 3166 illam
459 3111 558 3166 Iudaei
575 3109 757 3180 repulerunt?
792 3113 861 3164 Ana
892 3108 971 3177 Non3
987 3123 1053 3162 nam
1071 3107 1095 3163 si
1115 3110 1146 3162 is

258 3297 283 3364 l)
312 3303 390 3351 estro
412 3316 561 3366 nomenoi
586 3261 667 3354 iilam
693 3300 848 3369 perfectum
870 3297 964 3352 nullas
983 3295 1042 3353 Aa
1059 3329 1095 3339 —

186 3373 238 3420 est.
258 3384 331 3421 oum.
342 3369 420 3439 pers.
440 3369 482 3422 tta·
497 3369 600 3424 nullm.
