2638 3818
233 287 256 366 s
413 283 954 348 s.ausuumosuuuuu1aus1s

234 451 340 522 dom,
379 453 472 514 videte
506 454 643 527 quomodo
685 454 744 512 eiua
778 454 931 526 sapienties
964 451 1137 524 repugnatis

199 536 460 612 etiamsinon,
486 541 562 612 quod
582 539 667 594 focile
686 535 793 610 posset,
815 539 845 594 id
863 556 927 594 eum
946 535 1026 608 gravi
1041 536 1137 593 labore

234 623 294 680 sine
313 625 420 682 ratione
437 625 554 696 boaret,
580 641 637 680 uon
656 624 754 695 utique
772 625 882 694 sapiens
901 624 938 680 ab
955 624 1013 679 ullo
1030 624 1135 678 ludios-

233 715 317 766 retur.
361 711 470 782 Quippe
497 711 573 784 quod
598 708 705 778 dicitis,
733 707 825 766 Deum
859 709 954 765 taliter
984 709 1137 764 ostendisse

234 800 369 865 quantum
385 814 434 851 vos
458 795 599 868 diligeret,
624 794 702 849 nulla
719 791 826 849 rationo
843 794 1012 863 defenditur,
1036 794 1060 848 si
1075 793 1136 848 uul-

234 879 343 936 lateuus
370 879 509 942 hominem
536 880 617 934 aliter
640 878 763 950 potuisse
792 879 898 933 salvare
923 896 979 936 non
1003 883 1137 932 monstra·

185 965 216 1016 10
233 969 287 1022 tur.
322 964 396 1021 Nam
414 965 439 1020 si
457 965 538 1022 aliter
554 967 610 1020 non'
633 963 781 1034 potuisset,
807 968 875 1018 tune
891 963 1008 1020 forsitan
1024 979 1138 1028 neeesse

234 1056 319 1113 esset,
342 1056 375 1105 ut
396 1051 449 1112 hoo
467 1051 549 1113 modo
566 1066 645 1104 suam
669 1049 844 1105 dilectionem
871 1049 1040 1118 ostenderem
1062 1063 1137 1102 nuno

233 1151 308 1204 vero,
327 1151 392 1190 oum
409 1137 490 1192 aliter
507 1135 597 1206 possit
614 1134 721 1188 salvare
737 1133 888 1202 hominem,
907 1149 979 1204 quae
996 1133 1067 1189 ratio
1086 1139 1136 1198 est,

234 1224 267 1274 ut
285 1227 398 1290 propter
422 1219 623 1280 ostendendam
647 1215 823 1272 dilectionem
849 1234 928 1272 suam
952 1235 985 1273 ea
1005 1235 1077 1289 quee
1096 1219 1137 1272 di·

185 1309 216 1376 ii
235 1303 297 1362 citis
313 1304 399 1364 faeiat
416 1311 445 1360 et
461 1304 618 1362 sustineat?
652 1303 700 1358 An
726 1303 800 1358 enim
819 1319 874 1356 uon
892 1303 1013 1358 ostendit
1031 1304 1137 1375 angelis

234 1389 323 1459 bonis,
343 1396 478 1462 quantum
495 1407 543 1448 eos
561 1389 673 1461 diligat,
697 1405 748 1458 pro
772 1387 875 1458 quibus
897 1389 965 1444 talie
983 1406 1040 1444 non
1058 1388 1139 1448 susti-

234 1475 302 1530 net?
349 1475 430 1540 Quod
456 1491 521 1530 vero
548 1490 611 1528 eum
644 1472 737 1528 dicitis
764 1473 872 1530 venisse
900 1490 1060 1545 expugnare
1086 1491 1137 1545 pro

234 1558 314 1614 vobis
343 1559 500 1627 diabolum,
529 1574 584 1628 quo
610 1573 694 1612 sensu
722 1559 831 1613 audetis
858 1559 1000 1630 proferre?
1040 1559 1139 1616 Nonne

185 1653 216 1704 12
235 1639 312 1698 Deus
344 1643 545 1714 omnipotentia
553 1646 573 1708 ¹)
604 1649 704 1714 regnet
734 1644 856 1716 ubique?
898 1645 1041 1710 Quomodo
1072 1659 1138 1714 ergo

234 1727 380 1800 indigebat
406 1729 498 1800 Deus„
522 1735 555 1784 ut
581 1730 618 1784 ad
643 1729 810 1785 vincendum
837 1730 978 1786 diabolum
1004 1730 1038 1783 de
1062 1727 1138 1784 coelo

234 1813 434 1870 descenderet?
478 1813 558 1868 Haeo
586 1813 666 1870 nobis
694 1814 819 1870 infideles
845 1814 965 1870 obiicere
991 1831 1072 1884 posse
1100 1813 1139 1866 vi·

234 1897 341 1953 dentur.

204 2068 216 2119 r
314 2031 355 2118 7.
407 2067 463 2122 sto
480 2072 509 2120 es
526 2067 595 2120 inus
615 2067 690 2137 quos
711 2067 803 2124 dicere
820 2071 951 2135 solemus,
976 2067 1068 2122 osum
1087 2067 1138 2120 ser-

235 2147 301 2206 lioet
318 2148 448 2204 debuisse
464 2149 542 2222 prius
561 2168 612 2221 per
629 2150 761 2206 iustitiam
782 2162 877 2209 eontra
892 2153 1033 2210 diabolum
1047 2169 1138 2224 agere,

233 2239 266 2292 ut
290 2233 421 2289 liberaret
443 2235 595 2306 hominem,
620 2255 703 2308 quam
723 2255 774 2308 per
796 2239 998 2307 fortitudinem,
1025 2246 1057 2293 ut
1074 2256 1138 2293 oum

236 2317 363 2374 diabolus
390 2336 468 2386 eum,
497 2323 526 2376 in
552 2339 607 2395 quo
631 2321 709 2378 nulla
733 2323 827 2376 mortis
852 2332 912 2380 erat
934 2341 1020 2378 eausa
1043 2329 1071 2380 et
1089 2325 1138 2394 qui

234 2405 312 2460 Deus
329 2409 402 2474 erat,
422 2407 573 2477 occideret,
598 2408 675 2472 iuste
687 2411 855 2476 potestatem
874 2427 956 2480 quam
976 2427 1059 2479 super
1075 2426 1138 2479 pee-

233 2495 340 2558 oetores
356 2491 493 2560 babebat,
512 2491 664 2559 omitteret,
688 2491 812 2564 alioquin
828 2495 959 2548 iniustam
978 2494 1138 2548 violentiam

234 2575 347 2632 iecisset
367 2576 422 2643 illi,
451 2575 581 2646 quoniam
606 2575 678 2630 iuste
698 2577 859 2648 possidebat
878 2579 1028 2644 hominem,
1055 2596 1138 2649 quem

234 2677 291 2719 non
309 2661 369 2731 ipse
385 2661 520 2717 violenter
537 2667 700 2733 attraxerat,
727 2665 776 2718 sed
794 2665 867 2727 idern
885 2665 967 2719 homo
993 2680 1022 2718 se
1039 2670 1137 2735 sponte
1233 2683 1235 2688 ·

212 2746 274 2814 ‘ad
301 2745 381 2800 illum
410 2746 580 2801 contulerat:
613 2764 671 2802 non
699 2747 794 2818 video,
829 2766 912 2820 quem
944 2751 999 2802 vim
1028 2749 1138 2806 habeat.

202 2834 219 2885 2
237 2831 352 2888 Nomai
371 2829 498 2886 diabolus
516 2836 565 2884 aot
582 2830 663 2885 homo
682 2849 749 2886 suus
767 2842 841 2890 esset
856 2838 906 2888 aut
922 2834 1036 2890 alterius
1054 2853 1138 2905 quem

236 2916 300 2983 Dei,
317 2915 412 2971 autin
430 2916 486 2971 alia
504 2931 587 2985 quam
605 2915 636 2970 in
652 2915 706 2970 Dei
724 2925 861 2990 potestate
872 2927 1002 2989 maneret,
1021 2911 1138 2976 forsitan

236 3001 289 3074 hoo
305 3008 381 3058 reete
399 2999 549 3068 diceretur3
573 3017 636 3054 oum
660 3010 753 3060 eutem
778 3005 904 3060 diabolus
921 3012 972 3059 aut
985 3006 1065 3061 homo
1082 3023 1139 3060 non

236 3086 273 3142 sit
293 3087 348 3153 nisi
365 3087 432 3156 Dei,
456 3091 484 3142 et
509 3092 588 3140 extra
608 3091 773 3158 potestatem
794 3090 849 3146 Dei
874 3096 971 3145 neuter
993 3089 1139 3146 consistat:

235 3186 320 3246 quam
342 3188 456 3228 oausam*
478 3170 576 3226 debuit
600 3170 678 3226 Deus
702 3190 786 3245 egere
811 3191 876 3229 oum
898 3191 948 3230 suo
974 3175 1009 3228 de
1036 3191 1085 3230 suo
1108 3173 1139 3226 in

305 3327 332 3397 1)
351 3325 676 3415 Itsncod.B.A1.hsh.
694 3325 772 3396 „Do'
788 3327 1012 3397 omnipotentio!
