2638 3818
416 339 495 398 CUR
512 337 614 397 DEUS
630 335 749 397 HOMO.
782 337 821 397 Π.
841 345 865 397 7.
886 345 910 397 8.
1070 337 1113 404 59

207 525 318 566 neeesse
341 519 394 580 est,
419 515 453 564 ut
480 507 515 564 de
541 509 634 564 Adsnn
658 511 816 564 assumatur
835 510 931 579 bomo,
954 526 1006 582 per
1031 525 1114 583 quem

207 599 377 652 restauretur
398 611 488 667 genus
512 594 599 650 Adae.
650 597 715 650 Bos.
750 594 780 652 Si
806 595 942 652 rationem
964 597 1113 668 sequimur,

208 681 279 735 sieut
295 680 498 752 proposuimus,
526 679 578 736 hoo
596 680 793 738 inevitabiliter
809 687 919 753 oportet
939 699 1005 738 esse.
1041 682 1112 741 Aoo.
1132 684 1164 736 1⁰

207 766 411 838 Investigemus
433 783 519 836 nuno,
542 774 634 823 utrmn
657 767 823 822 1111111111
847 767 885 822 111
901 783 919 822 e
935 767 996 822 Deo
1013 773 1115 823 nsturs

207 851 325 908 bominis
349 851 385 908 de
407 854 703 924 persedentes,
728 853 800 908 siout
818 853 867 908 ulii
891 858 958 908 sunt
981 852 1114 923 homines,

207 945 257 994 aut
277 938 312 992 ds
329 937 389 993 viro
407 939 467 995 sine
482 938 598 1009 femine,
623 943 672 994 eut
691 937 843 994 desemine
860 939 921 996 sine
938 939 1006 995 viro.
1040 938 1114 996 Nam
1133 942 1163 996 11

208 1038 375 1096 quoeunque
397 1026 479 1080 modo
502 1043 536 1081 ex
558 1026 601 1080 his
625 1025 715 1080 tribue
742 1025 833 1079 modis
851 1025 898 1094 sit,
922 1025 957 1082 de
976 1023 1069 1080 Adem
1086 1029 1115 1079 11

209 1107 245 1162 (11
262 1107 322 1162 Eva
340 1109 398 1180 erit,
417 1111 453 1167 de
474 1111 577 1182 quibus
594 1116 637 1166 est
656 1109 743 1164 omnis
761 1111 843 1166 homo
860 1111 1004 1182 utriusque
1023 1125 1115 1179 sexus,

207 1208 260 1248 nee
277 1193 376 1266 aliquis
395 1198 493 1253 modus
518 1214 552 1252 ex
575 1196 664 1251 tribus
688 1195 731 1250 bis
756 1194 865 1251 feoiiior
891 1202 935 1250 eet
951 1196 1013 1251 Deo
1030 1213 1115 1268 quom

207 1277 270 1349 elii,
300 1285 332 1335 ut
362 1299 395 1338 eo
425 1283 509 1339 modo
538 1283 630 1354 potius
654 1281 756 1338 debeat
783 1279 895 1336 1111111.
935 1281 1003 1336 Boe.
1037 1283 1117 1338 Bene

207 1365 343 1434 procedis.
377 1369 448 1427 Am.
483 1369 589 1425 Verum
611 1384 668 1424 non
692 1372 735 1424 est
757 1383 827 1438 opus
844 1365 932 1422 multo
949 1365 1059 1437 labore,
1082 1372 1116 1422 ut
1135 1369 1166 1421 12

209 1451 376 1522 ostendatur,
395 1453 463 1525 quia
479 1453 609 1507 mundius
629 1459 658 1508 et
674 1453 817 1510 honestius
827 1451 1020 1532 procreabitur
1031 1452 1116 1508 homo

207 1533 257 1591 ille
282 1537 316 1593 de
345 1539 404 1594 solo
434 1537 494 1593 viro
522 1539 567 1593 rel
598 1537 702 1594 femine
732 1555 815 1611 quem
854 1541 889 1596 (11
921 1536 1116 1595 commixtione

209 1619 369 1692 utriusque,
394 1621 466 1678 siout
481 1640 575 1679 omnes
592 1625 641 1679 ulii
657 1623 707 1678 filii
725 1625 874 1680 hominum
908 1627 977 1679 Boe.
996 1623 1114 1680 Sufficit.

208 1705 276 1760 Asso.
311 1705 372 1763 Aut
396 1723 464 1781 ergo
488 1709 604 1765 (111111
630 1710 689 1764 viro
712 1715 762 1764 eut
785 1707 820 1765 de
842 1710 902 1764 sole
918 1710 1022 1765 femine
1038 1727 1115 1764 essu·
1134 1714 1166 1766 13

206 1792 323 1846 mendus
343 1800 391 1848 est
426 1798 495 1850 Bos.
530 1793 653 1850 Aliunde
676 1810 733 1848 non
749 1799 850 1866 potest.
885 1795 955 1849 Ans.
990 1793 1117 1860 Qustuor
1135 1799 1168 1852 14

208 1878 297 1934 modis
325 1885 418 1950 potest
434 1880 512 1935 Deus
542 1879 634 1936 fecere
663 1879 818 1946 hominem3
845 1878 975 1936 videlieet
1004 1885 1053 1935 aut
1081 1879 1116 1937 de

207 1962 267 2020 vire
292 1968 322 2018 et
345 1965 380 2020 de
402 1965 519 2036 femine,
549 1965 622 2022 sieut
647 1965 776 2022 assiduus
799 1983 867 2020 usus
890 1969 1041 2035 monstret,
1067 1972 1117 2021 aut

207 2066 260 2106 nee
278 2049 315 2106 de
340 2050 400 2106 viro
420 2067 473 2106 neo
498 2050 533 2106 de
558 2050 677 2122 semine,
704 2051 777 2107 siout
802 2050 907 2107 1111111
929 2049 1038 2114 Adam:
1067 2055 1117 2105 eut

209 2136 246 2192 de
268 2135 328 2192 viro
351 2135 412 2192 sine
438 2134 556 2206 femina,
582 2137 655 2194 sieut
679 2138 746 2194 feeit
762 2137 865 2207 Evem3
895 2142 945 2194 eut
961 2137 997 2192 de
1013 2135 1117 2192 femine

208 2221 268 2277 siue
290 2220 364 2290 viro,
387 2221 462 2295 quod
487 2222 610 2277 noudum
632 2222 706 2278 feeit
742 2225 784 2282 Ut
805 2224 892 2295 igitur
912 2223 1117 2295 huncquoque
1136 2216 1167 2268 ¹5

210 2307 323 2364 modum
343 2308 444 2378 probet
463 2325 531 2364 suae
548 2308 691 2364 subiecere
708 2309 841 2380 potestati
859 2315 887 2364 et
904 2307 941 2364 ed
952 2308 1006 2364 hoo
1024 2307 1117 2378 ipsum

210 2404 280 2463 epus
299 2392 417 2448 dilutum
440 2409 516 2462 esse,
542 2393 612 2448 nihil
638 2395 846 2451 convenientius
870 2409 954 2465 quem
972 2400 1005 2448 ut
1021 2392 1057 2448 de
1076 2391 1117 2447 fe-

212 2477 286 2534 mine
304 2477 365 2534 sine
390 2478 451 2534 viro
473 2486 598 2535 assumat
620 2479 700 2536 illum
721 2480 873 2550 hominem,
900 2495 983 2550 quem
1010 2479 1118 2550 quoeri-

211 2580 280 2618 mus.
323 2565 426 2621 Utrum
451 2570 545 2620 autom
571 2565 607 2620 de
633 2564 750 2638 Virgine
779 2571 828 2620 eut
855 2565 892 2620 de
917 2581 975 2619 non
999 2563 1118 2637 Virgine
1137 2561 1168 2614 16

213 2648 324 2719 dignius
341 2649 394 2705 hoe
410 2649 473 2718 det,
492 2665 548 2704 non
566 2655 609 2705 est
626 2666 696 2720 opus
714 2649 863 2721 disputare,
889 2651 939 2708 sed
965 2651 1025 2706 sine
1043 2648 1118 2706 omui

213 2733 386 2792 dubitatione
410 2735 589 2792 asserendum
615 2741 670 2806 est,
698 2735 765 2806 quie
791 2736 826 2793 de
852 2735 970 2808 Virgine
978 2736 1000 2808 ¹)
1025 2734 1118 2791 Deum

212 2818 350 2875 bominem
373 2821 452 2876 11111
475 2825 591 2892 oportet
628 2823 695 2876 Bor.
731 2821 890 2879 Secundum
905 2820 1040 2894 placitum
1058 2835 1117 2874 oor-

213 2905 257 2960 die
281 2904 336 2960 mei
360 2905 490 2979 loqueris.
526 2905 596 2958 Aoo.
631 2905 719 2962 Estne
743 2908 861 2963 solidum
885 2906 939 2960 beu
956 2905 1031 2977 quod
1049 2903 1117 2958 dixi·
1136 2902 1167 2954 17
1219 2967 1223 2977 .

214 3008 284 3060 mus,
302 2995 352 3044 aut
368 3007 472 3047 venum
485 2989 592 3062 aliquid
603 2989 676 3044 sieut
692 2989 791 3062 nubes,
810 2991 885 3063 quod
898 2989 991 3044 dixisti
999 2991 1021 3058 ²)
1035 2988 1117 3046 nobis

211 3074 339 3131 infideles
368 3073 508 3132 obiicere?
555 3078 623 3131 Bor.
659 3075 736 3133 Nihil
762 3076 884 3132 solidius.
925 3079 994 3130 Ans.
1027 3074 1119 3147 Pinge
1138 3074 1169 3128 18

212 3160 299 3232 igitur
331 3177 387 3215 non
418 3179 502 3232 super
528 3161 623 3216 fictam
648 3161 799 3218 venitatem
828 3160 878 3216 sed
900 3176 985 3230 super
1001 3153 1120 3215 solidam

282 3332 309 3404 1)
329 3329 385 3388 cn.
402 3331 477 3388 intre
491 3350 515 3389 1.
536 3339 567 3390 tt
585 3349 609 3389 1.

281 3407 308 3470 2)
326 3400 384 3458 cn.
401 3401 464 3457 Lib.
482 3402 506 3458 1.
523 3419 547 3457 1.
566 3409 591 3459 1.
