2638 3818
417 339 495 398 oua
511 337 614 396 nnus
630 337 820 406 nouom
840 347 866 396 r.
1057 342 1098 408 57

272 509 313 596 τι
364 545 434 598 Aua.
470 542 700 615 investigandum
733 545 803 612 est1)
836 560 925 612 nunc,
963 545 1131 616 quomodol

193 628 282 700 possit
297 629 358 686 fieri
375 629 454 683 Deus
470 629 561 696 homo.
595 627 700 684 Divina
723 630 797 685 enim
815 635 916 684 natura
935 634 963 683 et
979 629 1101 684 humana

194 733 250 770 non
267 720 386 786 possunt
404 715 434 768 in
457 712 575 768 invicem
596 715 710 779 mutari,
738 718 771 767 ut
793 713 888 768 divina
912 713 963 768 fiat
978 713 1101 769 humana

193 801 238 855 vel
257 800 379 854 humana
398 799 505 868 divina3
528 815 579 853 uec
603 798 644 854 ita
663 799 789 868 misceri,
811 807 844 852 ut
862 800 1000 871 quaedam
1017 799 1101 854 tertia

140 891 142 897 '
194 885 231 939 sit
250 903 283 941 ex
305 883 429 953 duabus,
449 901 519 954 quae
534 902 586 940 uec
604 883 698 939 divina
718 885 753 940 sit
770 885 880 940 omniuo
899 903 951 941 uec
969 886 1100 940 humana.

192 970 323 1040 Denique
351 969 375 1023 si
401 968 459 1024 fieri
483 977 591 1039 posset,
619 977 651 1023 ut
675 970 763 1026 altera
780 973 810 1026 in
826 971 942 1026 alteram
960 969 1132 1026 converte-2

193 1061 285 1118 retur,
317 1060 367 1109 aut
383 1061 455 1109 essct
480 1061 588 1109 tanturn
608 1054 685 1108 Deus
710 1062 738 1110 et
760 1073 817 1110 nou
842 1058 925 1112 homo
944 1063 994 1112 aut
1010 1056 1100 1111 solum

191 1141 274 1195 homo
294 1146 322 1195 et
338 1159 392 1195 non
409 1140 496 1196 Deus.
531 1142 590 1194 Aut
609 1138 632 1193 si
656 1139 838 1195 miscerentur
854 1143 907 1209 ita,
931 1148 964 1195 ut
981 1161 1015 1198 ex
1032 1141 1099 1197 dua·

116 1283 117 1288 ,
192 1227 246 1282 bus
263 1228 397 1296 corruptis
416 1227 496 1282 fieret
513 1225 651 1297 quaedam
673 1224 768 1294 tertia,
795 1226 1040 1296 (quemadmodum
1065 1229 1099 1283 dc

193 1311 302 1367 duobus
318 1312 467 1368 individuis
486 1311 651 1366 animalibus
671 1311 842 1365 diversarum
855 1311 1010 1382 specierum
1028 1329 1099 1367 mas·

193 1397 257 1452 culo
279 1403 307 1452 et
330 1398 433 1452 femina
457 1397 582 1451 nascitur
601 1397 726 1466 tertium,
754 1397 829 1468 quod
855 1413 906 1451 nec
924 1397 1012 1468 patris
1029 1397 1099 1454 inte·

193 1498 272 1553 gram
288 1498 339 1538 nec
356 1483 452 1537 matris
473 1487 565 1536 servat
584 1487 722 1552 naturam,
742 1482 791 1537 sed
811 1501 844 1538 ex
856 1490 974 1555 utraque
987 1485 1099 1540 tertiam

194 1568 317 1634 mixtam)
344 1587 398 1625 nec
419 1569 503 1622 homo
525 1573 598 1622 esset
620 1583 671 1622 nec
688 1567 775 1623 Deus.
809 1567 874 1624 Non
896 1569 982 1641 igitur
1006 1565 1132 1642 potest3

193 1652 252 1707 fieri
269 1653 351 1709 homo
371 1654 465 1718 Deus,
486 1669 569 1724 quem
587 1652 745 1723 quaerimus
767 1669 800 1706 ex
818 1654 912 1708 divina
932 1662 959 1711 et
977 1655 1099 1713 humana

193 1745 300 1805 natiue,
327 1746 377 1794 aut
393 1739 571 1794 conversione
589 1736 701 1792 alterius
727 1737 756 1791 in
779 1739 895 1793 alteram
919 1746 969 1795 aut
987 1759 1097 1811 corrup-

191 1825 249 1880 tiva
265 1824 459 1880 commixtione
481 1824 625 1894 utriusque
651 1823 681 1877 in
703 1823 829 1893 tertiam3
855 1824 920 1895 quia
943 1825 1013 1881 haec
1038 1825 1098 1880 fieri

190 1917 340 1983 nequeunt,
359 1916 409 1965 aut
426 1911 450 1964 si
467 1909 529 1965 fieri
545 1910 683 1978 valerent,
708 1909 777 1963 nihil
796 1910 831 1963 ad
849 1909 903 1964 hoc
922 1911 997 1982 quod
1015 1928 1098 1982 quae-

189 1998 276 2052 rimus
300 1996 434 2051 valerent.
474 1993 505 2050 Si
530 2000 623 2049 autem
645 1995 771 2066 quolibet
793 1995 875 2050 modo
900 1995 940 2049 ita
966 1997 1133 2068 coniungit

190 2083 322 2137 dicuutur
341 2081 394 2136 hae
412 2081 484 2134 duae
506 2085 623 2136 natrrrae
641 2079 781 2152 integrae,
808 2086 840 2134 ut
863 2086 957 2136 tamen
973 2081 1044 2135 alius
1063 2081 1099 2136 sit

189 2169 272 2223 homo
293 2167 364 2222 alius
385 2165 422 2220 sit
438 2165 524 2235 Deus,
542 2169 571 2220 et
588 2183 644 2220 non
662 2167 737 2221 idem
755 2166 791 2222 sit
808 2166 885 2222 Deus
903 2167 952 2238 qui
970 2166 1097 2237 ethome,

189 2253 361 2325 impossibile
378 2259 435 2318 est,
460 2258 492 2305 ut
517 2251 598 2306 ambo
617 2251 722 2305 faciant
743 2251 818 2321 quod
839 2251 900 2307 fieri
917 2269 1031 2309 neeesse
1047 2259 1097 2309 est.

189 2339 263 2396 Nam
279 2337 357 2393 Deus
374 2353 430 2390 non
456 2334 543 2391 faciet
566 2337 632 2408 quia
656 2353 712 2390 non
735 2336 863 2401 debebit,
890 2344 918 2392 et
939 2339 1022 2394 homo
1040 2347 1130 2396 noua

190 2420 274 2478 faciet
291 2421 358 2494 quia
383 2438 440 2475 nou
462 2420 577 2492 poterit3
603 2428 635 2476 ut
652 2439 720 2493 ergo
736 2421 789 2477 hoc
806 2420 894 2477 faciat
912 2423 990 2480 Deus
1008 2424 1098 2494 homo,

190 2521 303 2562 necesse
320 2512 363 2562 est
380 2507 498 2561 eundem
523 2506 614 2576 ipsum
632 2523 692 2562 esse
711 2505 865 2578 perfectum
882 2509 973 2564 Deum
993 2515 1021 2565 et
1037 2528 1098 2581 per·

190 2590 295 2646 fectum
313 2593 463 2662 hominem,
488 2591 537 2662 qui
559 2593 631 2646 hanc
654 2591 872 2648 satisfactionem
895 2594 1020 2650 factunm
1041 2603 1097 2667 est,

193 2677 322 2748 quoniam
344 2693 405 2732 earn
430 2677 524 2733 iacere
544 2695 601 2732 non
624 2683 717 2748 potest
745 2679 799 2733 nisi
820 2697 902 2734 verus
926 2679 1017 2752 Deus,
1043 2697 1098 2735 nec

192 2761 276 2816 debet
296 2763 349 2816 nisi
369 2779 452 2818 verus
477 2762 566 2817 homo.
602 2761 740 2828 Quoniam
763 2782 830 2837 ergo
853 2773 962 2821 servata
984 2763 1130 2837 integri-6

190 2854 248 2904 tate
268 2848 413 2919 utriusque
437 2854 554 2903 naturae
577 2865 690 2906 necesse
709 2857 751 2906 est
768 2851 885 2906 inveniri
900 2852 993 2907 Deum
1009 2851 1096 2906 homi-

190 2949 267 3002 nem,
291 2949 348 2987 uon
368 2934 459 2989 miuus
486 2949 599 2989 necesse
622 2940 665 2989 est
688 2935 738 2989 has
757 2936 826 2991 duas
842 2945 956 2992 naturas
974 2938 1096 3007 integras

191 3017 337 3072 convenire
359 3018 390 3072 in
412 3035 497 3074 unam
513 3013 674 3090 personam,
699 3023 930 3092 quemadmodum
949 3037 1049 3090 corpus
1070 3026 1098 3075 et

190 3100 284 3156 anima
319 3101 462 3160 rationalis
502 3105 671 3162 conveniunt
711 3107 741 3162 in
783 3125 870 3162 uuum
913 3105 1096 3175 homincm32)

262 3332 286 3396 1)
304 3328 339 3382 In
357 3345 430 3385 omn
449 3331 537 3387 Codd.
554 3331 601 3386 hic
617 3329 716 3401 incipit
732 3346 757 3384 c.
775 3335 798 3384 7.

260 3400 287 3467 2)
304 3397 360 3454 ctr.
380 3398 541 3468 Symbolum
556 3400 715 3468 Quicunque
734 3416 756 3452 s.
766 3397 993 3452 Athanaricum
1010 3402 1042 3454 27
1055 3414 1096 3468 sq.
