2638 3818
311 281 313 284 ·
386 280 464 345 coe
481 283 583 342 naus
603 279 723 336 nouo.
760 279 797 335 11.
817 284 909 336 o-ro.
1072 280 1112 346 61

210 459 318 517 sancti?
353 459 423 513 Arsa.
443 453 473 510 si
491 447 634 524 'quaelibet
649 451 706 506 alia
719 465 839 520 persona
850 447 1016 518 incarnetur,
1036 453 1116 504 erunt
1133 449 1150 501 4

212 549 266 604 duo
283 546 334 602 filii
353 546 383 600 in
403 539 548 606 umnam,
572 533 645 590 filius
665 534 771 590 scilicet
788 533 842 588 Dei
866 533 915 604 qui
938 539 967 586 et
995 541 1059 588 ante
1074 533 1116 588 in-

208 633 398 690 carnationem
422 625 496 679 filins
521 628 578 691 est,
602 627 630 676 et
654 621 701 675 ille
720 619 769 691 qni
784 637 835 690 per
850 619 1068 674 incarnationem
1085 617 1122 672 fi.

208 722 263 776 lius
294 717 348 774 erit
375 709 505 784 virginis3
538 712 567 762 et
597 707 650 764 erit
683 705 713 760 in
738 704 878 776 personis,
908 721 980 776 quae
1009 720 1118 773 semper

209 805 340 878 aequales
357 815 418 854 esse
436 796 550 864 debent,
575 791 760 866 inaequalitas
783 790 936 846 secundum
953 789 1118 861 dignitatem

209 889 395 946 nativitatum.
449 880 612 953 Digniorem
650 893 771 948 namque
798 875 972 930 nativitatem
1001 865 1150 930 habebat

208 982 292 1032 natus
317 990 351 1028 ex
369 972 443 1038 Deo,
466 984 550 1038 quam
572 972 657 1020 natus
679 980 713 1017 ex
736 962 862 1034 Virgine.
897 959 969 1014 Item
993 957 1016 1012 si
1032 957 1118 1012 Pater

211 1058 297 1116 fuerit
318 1057 490 1123 incarnatum,
515 1057 596 1108 erunt
622 1050 677 1104 duo
699 1053 814 1118 nepotes
831 1047 861 1100 in
879 1045 1028 1114 Trinitate,
1051 1045 1119 1115 quia

211 1147 297 1200 Pater
316 1141 367 1197 erit
383 1157 468 1210 nepos
490 1143 638 1210 parentum
648 1131 774 1203 Virginis
792 1149 843 1202 per
858 1132 997 1187 hominem
1015 1147 1119 1186 assum-

212 1236 280 1299 tum,
300 1234 328 1284 et
345 1227 468 1284 Verbum
486 1239 550 1283 oum
568 1219 638 1274 nihil
654 1218 757 1273 habeat
777 1218 813 1272 de
830 1217 950 1285 homine,
975 1233 1062 1287 nepos
1079 1221 1120 1269 ta·

213 1333 276 1371 men
294 1313 345 1370 erit
361 1309 499 1382 Virginis,
526 1307 593 1379 quia
610 1303 663 1358 filii
680 1303 739 1359 eius
759 1304 812 1358 erit
828 1303 915 1371 filinae
939 1317 1010 1372 quae
1027 1301 1137 1355 omnia

213 1397 432 1457 inconvenientia
469 1399 536 1448 sunt
574 1407 626 1445 nec
654 1391 683 1443 in
715 1389 905 1445 incarnatione
934 1389 1022 1446 Verbi
1055 1407 1120 1444 con·
1203 1375 1204 1378 ¹

212 1488 330 1558 tingunt.
370 1483 422 1538 Est
445 1485 474 1534 et
494 1471 586 1546 aliud,
617 1493 666 1530 cur
692 1474 782 1546 magis
806 1475 954 1530 conveniat
979 1471 1154 1529 incarnari6

213 1574 285 1628 Filio
308 1560 391 1643 quam
416 1565 478 1622 aliis
502 1561 642 1634 personis:
668 1560 733 1632 quia
757 1559 964 1616 convenientius
990 1567 1069 1616 sonat
1088 1559 1120 1614 fi-

214 1659 280 1714 lium
296 1655 455 1728 supplicare
474 1649 562 1720 patri,
588 1664 671 1717 qnam
689 1644 772 1698 aliam
792 1661 939 1715 personam
957 1644 1012 1700 alii.
1048 1645 1120 1700 Item
1139 1644 1154 1694 7

213 1744 293 1800 homo
310 1759 362 1813 pro
374 1755 430 1810 quo
444 1739 503 1790 erat
520 1737 655 1799 oraturus,
675 1731 801 1785 diabolus
814 1747 896 1802 quem
908 1737 968 1786 erat
980 1746 1121 1801 expugna·

211 1835 303 1897 turus,
329 1825 412 1880 ambo
431 1820 531 1875 falsam
548 1816 757 1872 similitudinem
776 1815 830 1870 Dei
848 1831 898 1885 per
915 1815 1057 1886 propriam
1073 1831 1121 1868 vo·

212 1917 349 1970 luntatem
373 1908 603 1980 praesumserant.
639 1901 723 1958 Unde
749 1901 829 1973 quasi
852 1898 1000 1970 specialius
1025 1894 1155 1952 adver-8

213 2017 260 2056 sus
278 2011 426 2070 personam
442 1991 509 2046 Filii
533 1992 733 2061 peccaverunt,
758 1985 807 2058 qni
831 1999 897 2040 vera
915 1982 1008 2038 Patris
1027 1981 1122 2036 simili-

212 2087 281 2142 tudo
292 2077 431 2138 'creditur
465 2077 512 2130 Illi
529 2077 633 2146 itaque,
652 2073 698 2129 cui
714 2069 862 2144 specialius
879 2069 913 2124 fit
930 2067 1038 2136 iniuria,
1058 2084 1122 2122 con-

212 2168 368 2228 venientius
400 2162 562 2219 attribuitur
591 2160 690 2230 culpae
714 2157 838 2212 vindicta
865 2161 915 2210 aut
939 2152 1122 2226 indulgentia.

215 2257 391 2325 Quapropter
408 2265 472 2302 cum
489 2247 560 2300 ratio
578 2262 628 2300 nos
647 2241 815 2298 inevitabilis
832 2241 992 2312 perduxerit
1009 2239 1123 2307 adhoc,
1141 2240 1157 2290 9

215 2348 248 2397 ut
264 2355 379 2395 necesse
399 2334 436 2388 sit
462 2331 585 2386 divinam
612 2337 640 2384 et
662 2329 813 2382 humanam
836 2330 963 2380 naturam
986 2325 1016 2378 in
1039 2339 1124 2378 unam

216 2424 361 2482 convenire
390 2433 549 2491 personam,
578 2431 630 2470 nee
659 2413 712 2469 hoe
742 2412 803 2468 fieri
828 2411 916 2483 possit
942 2410 971 2463 in
995 2408 1125 2480 pluribus

216 2510 340 2583 personis
366 2507 432 2575 Dei,
460 2497 488 2558 et
507 2502 560 2557 hoc
585 2493 792 2556 conuenientius
810 2497 871 2553 fieri
892 2499 988 2567 pateat
1012 2493 1041 2546 in
1064 2508 1126 2563 per·

217 2612 285 2650 sona
307 2592 395 2651 Verbi
418 2607 502 2662 qnam
526 2587 555 2642 in
580 2587 659 2656 aliis3
684 2601 798 2640 necesse
822 2589 864 2638 est
885 2579 1010 2638 Verbum
1033 2579 1126 2634 Deum

218 2687 246 2737 et
273 2679 412 2735 hominem
438 2677 467 2731 in
495 2690 580 2728 unam
608 2671 754 2726 convenire
781 2685 934 2741 personam.
970 2669 1038 2722 Bor.
1079 2655 1176 2718 Sic10

218 2772 262 2822 est
278 2763 338 2830 via,
367 2781 423 2837 qua
441 2777 485 2815 me
503 2758 595 2828 ducis,
617 2757 742 2828 undique
759 2755 865 2809 munita
884 2753 1004 2816 ratione,
1027 2754 1059 2802 ut
1077 2763 1126 2800 ne-

220 2869 274 2925 que
295 2852 332 2906 ad
346 2851 486 2906 dexteram
504 2863 596 2918 neque
616 2847 652 2902 ad
677 2842 815 2898 sinistram
832 2840 942 2896 videam
962 2851 1006 2890 me
1022 2834 1059 2888 ab
1077 2831 1127 2885 illa

219 2954 301 3009 posse
329 2936 483 3015 declinare.
518 2936 586 2988 Aac.
622 2931 685 2988 Non
710 2946 762 3000 ego
790 2933 819 2983 te
836 2926 909 2981 duco
928 2921 977 2976 sed
1002 2919 1063 2988 ille,
1091 2916 1126 2972 de

221 3040 276 3095 quo
301 3020 454 3092 loquimur,
477 3021 536 3075 sine
554 3035 609 3089 quo
629 3017 698 3072 nihil
714 3029 875 3087 possumus,
901 3024 951 3062 nos
970 3004 1047 3058 ducit
1065 3001 1127 3056 ubi·

221 3123 332 3178 cunque
350 3107 423 3160 viam
440 3104 564 3162 veritatis
584 3108 717 3188 tenemus.
1152 3111 1155 3120 ’

299 3246 370 3333 10.
416 3279 485 3331 Ana.
520 3275 621 3332 Utrum
644 3278 736 3328 autem
758 3269 841 3323 homo
859 3263 906 3319 ille
925 3261 961 3316 sit
978 3259 1159 3316 moriturusl

219 3384 254 3424 ex
273 3362 382 3434 debito,
404 3361 478 3418 sicut
500 3379 594 3418 omnes
617 3357 665 3414 alii
687 3355 810 3413 homines
833 3367 867 3406 ex
888 3347 982 3404 debito
1007 3345 1127 3402 moriun-
