2638 3818
213 282 257 350 34
397 281 424 336 a.
442 279 614 338 nussum
630 279 937 338 enumeramus

214 451 458 508 nundinatorem
483 451 513 506 in
536 451 636 506 melius
654 457 788 520 mutarem
812 450 904 506 aut-si
920 449 1046 522 perfeeto
1063 449 1126 506 erat

214 537 244 590 in
261 553 390 606 numero,
413 555 469 592 non
486 537 612 608 perfeeto
631 537 739 592 eratin
757 536 1025 604 confirmatione‚.et
1042 533 1124 592 diffe-

213 623 301 678 renda
318 628 379 679 erat
398 623 457 678 eius
475 621 661 690 confirmatio,
680 621 787 676 etiamsi
803 623 897 676 nullus
913 622 943 675 in
960 637 994 676 ea
1009 637 1124 692 peeoas·

215 714 270 778 set,
294 727 384 781 usque
409 710 446 763 ad
464 725 525 763 eam
545 707 643 762 muudi
660 722 744 777 quam
767 712 945 776 expectamus
969 705 1125 761 renovatio*

215 811 293 865 uem3
320 800 371 850 aut
387 795 412 850 si
429 811 486 850 non
503 792 608 848 diutius
627 792 678 846 illa
693 789 866 846 confirmatio
884 789 1039 846 differenda
1057 793 1124 860 erat,

216 880 399 937 acceleranda
427 885 487 934 erat
515 878 658 933 mundana
688 876 845 946 renovatio,
876 881 909 930 ut
937 893 1002 933 oum
1028 876 1126 937 eadem

162 963 198 1014 33
217 964 424 1020 confirmatione
441 964 528 1020 fieret.
564 963 620 1020 Sed
644 961 719 1034 quod
745 962 880 1016 mnndum
896 962 1004 1017 noviter
1020 961 1126 1016 fautum

217 1051 311 1106 statim
322 1050 400 1105 Deus
418 1056 599 1106 renovareet
618 1065 665 1104 aas
683 1065 728 1102 res
745 1063 818 1119 quae
836 1053 900 1116 post
919 1047 1126 1104 renovationem

217 1135 295 1192 illam
311 1153 369 1190 non
386 1143 475 1206 erunt,
499 1135 609 1206 inipso
628 1133 718 1202 initio,
742 1137 892 1205 antequam
910 1137 1058 1204 appareret
1076 1149 1127 1187 our

216 1218 311 1275 laetae
336 1226 444 1290 essent,
468 1221 612 1276 destruere
631 1219 797 1288 instituerit,
825 1217 899 1272 omni
917 1221 994 1272 earet
1012 1217 1126 1272 ratione.

167 1307 200 1358 ³4
218 1305 349 1378 Sequitur
363 1307 446 1378 ergo,
461 1306 539 1377 'quia
560 1305 654 1376 angeli
678 1321 735 1359 non
759 1303 799 1358 ita
822 1303 936 1359 filerunt
960 1303 990 1356 in
1012 1319 1127 1358 numero

217 1390 349 1461 perlecto,
373 1397 406 1445 ut
423 1405 519 1446 eorum
539 1388 709 1444 confirmatio
728 1406 785 1444 nou
803 1389 852 1444 diu
870 1385 1042 1455 differretur,
1063 1402 1127 1456 pro·

217 1481 314 1546 pterea
343 1476 410 1548 quia
438 1473 536 1529 mundi
566 1474 631 1528 novi
660 1474 866 1530 renovationem
895 1491 959 1528 mox
989 1478 1129 1544 oporteret

164 1563 200 1614 35
218 1558 293 1630 lieri3
319 1559 396 1630 quod
412 1577 469 1616 non
486 1559 624 1614 convenit.
665 1559 746 1624 Quod
769 1565 863 1615 autem
889 1559 1005 1616 eandem
1030 1558 1128 1614 confir·

218 1644 368 1700 mationem
386 1658 476 1716 usque
492 1643 529 1699 ad
545 1645 643 1699 mundi
661 1645 785 1701 futuram
797 1645 1005 1702 renovationem
1016 1643 1129 1700 differre

218 1731 297 1786 Deus
314 1729 448 1799 voluerit,
472 1729 669 1786 inoonveniens
691 1731 816 1802 videtur,
837 1730 1001 1803 praesertim
1016 1747 1080 1784 oum
1095 1729 1129 1783 il·

218 1817 275 1872 lem
299 1816 329 1872 in
352 1815 494 1888 aliquibus
517 1821 577 1876 tam
599 1815 656 1870 oito
677 1815 844 1887 perieeerit3
866 1820 895 1871 et
921 1833 984 1871 oum
1008 1813 1129 1886 intelligi

218 1901 320 1973 possit,
348 1901 414 1972 quia
439 1900 470 1954 in
495 1899 592 1972 primis
614 1900 773 1956 hominibus
798 1901 910 1972 quando
935 1907 1129 1972 peooasemnt,
1183 1900 1188 1912 “

218 1987 296 2043 illam
312 1985 424 2042 iecisset
441 1987 467 2042 si
491 2003 548 2042 non
572 1991 748 2057 peccassent,
777 1987 851 2054 siout
871 1986 938 2042 feeit
955 1987 985 2042 in
1002 2003 1129 2058 perseve-

167 2077 202 2130 ³6
219 2071 346 2127 rantibus
373 2070 491 2142 angelis.
537 2068 670 2133 Quamvis
697 2071 771 2127 euim
797 2073 922 2128 nondum
946 2072 1130 2143 proveheren-

219 2162 266 2212 tur
284 2157 321 2210 ad
341 2155 419 2210 illam
435 2154 634 2227 aequalitatem
653 2157 829 2228 angelorum,
857 2158 997 2230 adquam
1014 2173 1130 2230 perreu-

219 2241 276 2297 turi
294 2248 373 2296 erant
389 2239 532 2310 homines,
557 2257 621 2296 oum
644 2242 785 2312 perfectus
803 2249 879 2298 esset
894 2259 1026 2299 numerus
1043 2243 1078 2298 de
1098 2242 1130 2296 ilh

220 2327 256 2394 lis
273 2326 472 2388 assumendust
502 2327 532 2381 in
557 2324 717 2382 illatamen
734 2327 888 2398 iustitiam
905 2335 1072 2401 quaerant,
1091 2327 1130 2381 vi·

180 2412 183 2420 ’
221 2413 317 2482 mour,
341 2413 433 2484 quod,
457 2413 482 2466 si
507 2410 639 2467 vioissent
662 2419 774 2467 utnon
790 2421 940 2485 parcerent
959 2414 1074 2483 tentati,
1090 2413 1132 2468 ita

221 2497 450 2554 eonfimarentur
477 2514 542 2552 oum
566 2496 642 2553 omui
667 2499 822 2570 propagine
839 2515 904 2570 sna,
928 2507 961 2557 ut
977 2498 1052 2556 ultra
1067 2515 1131 2570 pse·

222 2599 288 2639 aare
309 2599 366 2638 non
390 2588 521 2654 possent:
546 2581 779 2653 quemadmodum
801 2581 850 2654 qui
858 2585 879 2651 ¹)
905 2585 974 2641 vieti
997 2601 1131 2656 peooave-
1249 2573 1252 2579 ¹

222 2675 303 2740 runt,
325 2669 367 2726 sio
383 2668 515 2724 infirmati
531 2673 609 2738 sunt,
631 2673 677 2736 ut,
701 2673 838 2738 quantum
854 2668 884 2722 in
900 2668 968 2738 ipsis
988 2676 1046 2739 est,
1072 2669 1132 2726 sine

92 2747 94 2750 ’
171 2755 203 2813 87
222 2758 339 2828 psooato
357 2769 418 2810 esse
438 2770 495 2809 non
514 2752 630 2825 possint
661 2751 729 2816 Quis
747 2752 822 2808 enim
838 2753 942 2808 audeat
959 2751 1051 2808 dieere
1067 2753 1132 2822 plus

223 2840 318 2896 valere
341 2839 506 2894 iniustitiam
530 2837 568 2893 ad
592 2836 765 2909 alligandum
785 2837 815 2892 in
838 2837 970 2893 navitate
992 2835 1133 2892 hominem

226 2925 257 2982 in
273 2926 366 2998 prima
384 2924 514 2980 suasione
535 2921 590 2978 sibi
607 2922 837 2989 consentientem,
866 2937 951 2994 quam
968 2921 1076 2980 valeret
1091 2923 1133 2977 iu·

226 3010 305 3067 stitia
322 3010 360 3066 ad
376 3007 599 3065 confirmandum
615 3024 679 3064 eum
703 3008 734 3064 in
749 3006 893 3077 hirartets,
917 3007 973 3064 sibi
988 3008 1019 3064 in
1035 3007 1133 3064 eadem

170 3103 204 3156 38
226 3097 318 3170 prima
347 3095 500 3152 tentatione
530 3093 747 3150 adhaerentem
789 3093 863 3152 Nam
891 3090 1132 3164 quemadmodum,

227 3181 359 3254 quoniam
377 3178 502 3234 humana
522 3184 625 3234 natura
641 3184 702 3236 tota
721 3185 781 3236 erat
797 3178 827 3234 in
843 3176 1006 3252 parentibus
1027 3176 1131 3250 primis,

292 3334 318 3400 1)
337 3331 428 3402 quen
445 3297 576 3420 geue.
