<?xml version="1.0" encoding="UTF-8"?>
<!DOCTYPE html PUBLIC "-//W3C//DTD XHTML 1.0 Transitional//EN"
    "http://www.w3.org/TR/xhtml1/DTD/xhtml1-transitional.dtd">
<html xmlns="http://www.w3.org/1999/xhtml" xml:lang="en" lang="en">
 <head>
  <title>
</title>
<meta http-equiv="Content-Type" content="text/html;charset=utf-8" />
  <meta name='ocr-system' content='tesseract 3.04.00' />
  <meta name='ocr-capabilities' content='ocr_page ocr_carea ocr_par ocr_line ocrx_word'/>
</head>
<body>
  <div class='ocr_page' id='page_1' title='image "./sanselmicantuar03laemgoog_0050.png"; bbox 0 0 2638 3818; ppageno 0'>
   <div class='ocr_carea' id='block_1_1' title="bbox 373 319 1084 386">
    <p class='ocr_par' dir='ltr' id='par_1_1' title="bbox 373 319 1084 386">
     <span class='ocr_line' id='line_1_1' title="bbox 373 319 1084 386; baseline 0.003 -2"><span class='ocrx_word' id='word_1_1' title='bbox 373 327 451 384; x_wconf 74' lang='lat' dir='ltr'>cun</span> <span class='ocrx_word' id='word_1_2' title='bbox 469 324 569 382; x_wconf 76' lang='lat' dir='ltr'>nnus</span> <span class='ocrx_word' id='word_1_3' title='bbox 587 321 704 380; x_wconf 80' lang='lat' dir='ltr'><strong>HOMO.</strong></span> <span class='ocrx_word' id='word_1_4' title='bbox 740 325 892 381; x_wconf 79' lang='lat' dir='ltr'>1.1n-15.</span> <span class='ocrx_word' id='word_1_5' title='bbox 1041 319 1084 386; x_wconf 76' lang='lat'>25</span> 
     </span>
    </p>
   </div>
   <div class='ocr_carea' id='block_1_2' title="bbox 181 617 1152 2863">
    <p class='ocr_par' dir='ltr' id='par_1_2' title="bbox 181 617 1152 2863">
     <span class='ocr_line' id='line_1_2' title="bbox 260 617 1116 720; baseline 0.001 -17"><span class='ocrx_word' id='word_1_6' title='bbox 260 617 328 704; x_wconf 70' lang='lat'>14·</span> <span class='ocrx_word' id='word_1_7' title='bbox 380 651 450 702; x_wconf 77' lang='lat' dir='ltr'>Bos.</span> <span class='ocrx_word' id='word_1_8' title='bbox 486 647 541 704; x_wconf 87' lang='lat' dir='ltr'>Sed</span> <span class='ocrx_word' id='word_1_9' title='bbox 566 647 629 703; x_wconf 78' lang='lat' dir='ltr'>voto</span> <span class='ocrx_word' id='word_1_10' title='bbox 656 664 674 703; x_wconf 81' lang='lat' dir='ltr'>s</span> <span class='ocrx_word' id='word_1_11' title='bbox 699 654 729 704; x_wconf 84' lang='lat' dir='ltr'>te</span> <span class='ocrx_word' id='word_1_12' title='bbox 754 646 866 716; x_wconf 86' lang='lat' dir='ltr'>andire,</span> <span class='ocrx_word' id='word_1_13' title='bbox 893 648 917 701; x_wconf 90' lang='lat' dir='ltr'>si</span> <span class='ocrx_word' id='word_1_14' title='bbox 942 650 1116 720; x_wconf 83' lang='lat' dir='ltr'>pooosntis1</span> 
     </span>
     <span class='ocr_line' id='line_1_3' title="bbox 181 732 1084 810; baseline -0.007 -16"><span class='ocrx_word' id='word_1_15' title='bbox 181 754 273 810; x_wconf 84' lang='lat' dir='ltr'>poena</span> <span class='ocrx_word' id='word_1_16' title='bbox 291 736 329 791; x_wconf 88' lang='lat' dir='ltr'>sit</span> <span class='ocrx_word' id='word_1_17' title='bbox 351 734 394 788; x_wconf 92' lang='lat' dir='ltr'>illi</span> <span class='ocrx_word' id='word_1_18' title='bbox 419 733 505 788; x_wconf 90' lang='lat' dir='ltr'>honor</span> <span class='ocrx_word' id='word_1_19' title='bbox 525 740 574 790; x_wconf 79' lang='lat' dir='ltr'>out</span> <span class='ocrx_word' id='word_1_20' title='bbox 597 732 753 788; x_wconf 74' lang='lat' dir='ltr'>cuiusmodi</span> <span class='ocrx_word' id='word_1_21' title='bbox 775 733 863 789; x_wconf 84' lang='lat' dir='ltr'>honor</span> <span class='ocrx_word' id='word_1_22' title='bbox 883 734 926 790; x_wconf 87' lang='lat' dir='ltr'>sit</span> <span class='ocrx_word' id='word_1_23' title='bbox 961 733 992 790; x_wconf 80' lang='lat' dir='ltr'>si</span> <span class='ocrx_word' id='word_1_24' title='bbox 1010 735 1084 790; x_wconf 83' lang='lat' dir='ltr'>enim</span> 
     </span>
     <span class='ocr_line' id='line_1_4' title="bbox 182 819 1087 896; baseline -0.002 -18"><span class='ocrx_word' id='word_1_25' title='bbox 182 839 274 896; x_wconf 85' lang='lat' dir='ltr'>poena</span> <span class='ocrx_word' id='word_1_26' title='bbox 291 820 435 892; x_wconf 77' lang='lat' dir='ltr'>peccantis</span> <span class='ocrx_word' id='word_1_27' title='bbox 454 836 509 874; x_wconf 86' lang='lat' dir='ltr'>non</span> <span class='ocrx_word' id='word_1_28' title='bbox 532 819 592 874; x_wconf 86' lang='lat' dir='ltr'>eins</span> <span class='ocrx_word' id='word_1_29' title='bbox 615 820 703 876; x_wconf 87' lang='lat' dir='ltr'>honor</span> <span class='ocrx_word' id='word_1_30' title='bbox 721 826 776 876; x_wconf 86' lang='lat' dir='ltr'>est:</span> <span class='ocrx_word' id='word_1_31' title='bbox 804 837 867 876; x_wconf 87' lang='lat' dir='ltr'>oum</span> <span class='ocrx_word' id='word_1_32' title='bbox 883 827 1013 892; x_wconf 80' lang='lat' dir='ltr'>pensator</span> <span class='ocrx_word' id='word_1_33' title='bbox 1030 839 1087 877; x_wconf 92' lang='lat' dir='ltr'>non</span> 
     </span>
     <span class='ocr_line' id='line_1_5' title="bbox 181 904 1087 978; baseline -0.002 -14"><span class='ocrx_word' id='word_1_34' title='bbox 181 908 266 964; x_wconf 81' lang='lat' dir='ltr'>solvit</span> <span class='ocrx_word' id='word_1_35' title='bbox 284 906 360 978; x_wconf 89' lang='lat' dir='ltr'>quod</span> <span class='ocrx_word' id='word_1_36' title='bbox 377 904 503 970; x_wconf 82' lang='lat' dir='ltr'>abstulit,</span> <span class='ocrx_word' id='word_1_37' title='bbox 524 906 574 961; x_wconf 85' lang='lat' dir='ltr'>sod</span> <span class='ocrx_word' id='word_1_38' title='bbox 591 907 721 978; x_wconf 84' lang='lat' dir='ltr'>punitur,</span> <span class='ocrx_word' id='word_1_39' title='bbox 741 906 781 961; x_wconf 79' lang='lat' dir='ltr'>sio</span> <span class='ocrx_word' id='word_1_40' title='bbox 798 907 891 978; x_wconf 81' lang='lat' dir='ltr'>perdit</span> <span class='ocrx_word' id='word_1_41' title='bbox 907 909 984 962; x_wconf 88' lang='lat' dir='ltr'>Deus</span> <span class='ocrx_word' id='word_1_42' title='bbox 1003 906 1087 962; x_wconf 88' lang='lat' dir='ltr'>hono·</span> 
     </span>
     <span class='ocr_line' id='line_1_6' title="bbox 181 992 1090 1064; baseline 0.003 -19"><span class='ocrx_word' id='word_1_43' title='bbox 181 1013 243 1052; x_wconf 71' lang='lat' dir='ltr'>rem</span> <span class='ocrx_word' id='word_1_44' title='bbox 261 1009 355 1060; x_wconf 87' lang='lat' dir='ltr'>sunm,</span> <span class='ocrx_word' id='word_1_45' title='bbox 376 997 407 1046; x_wconf 91' lang='lat' dir='ltr'>ut</span> <span class='ocrx_word' id='word_1_46' title='bbox 426 1008 481 1046; x_wconf 91' lang='lat' dir='ltr'>non</span> <span class='ocrx_word' id='word_1_47' title='bbox 504 997 663 1062; x_wconf 70' lang='lat' dir='ltr'>recuperet,</span> <span class='ocrx_word' id='word_1_48' title='bbox 688 993 763 1063; x_wconf 90' lang='lat' dir='ltr'>quod</span> <span class='ocrx_word' id='word_1_49' title='bbox 781 992 824 1046; x_wconf 87' lang='lat' dir='ltr'>his</span> <span class='ocrx_word' id='word_1_50' title='bbox 842 1009 914 1064; x_wconf 89' lang='lat' dir='ltr'>qnae</span> <span class='ocrx_word' id='word_1_51' title='bbox 934 993 1090 1050; x_wconf 80' lang='lat' dir='ltr'>dictasunt</span> 
     </span>
     <span class='ocr_line' id='line_1_7' title="bbox 183 1076 1121 1150; baseline -0.001 -14"><span class='ocrx_word' id='word_1_52' title='bbox 183 1093 343 1150; x_wconf 81' lang='lat' dir='ltr'>repugnare</span> <span class='ocrx_word' id='word_1_53' title='bbox 360 1077 475 1136; x_wconf 80' lang='lat' dir='ltr'>videtur.</span> <span class='ocrx_word' id='word_1_54' title='bbox 510 1078 578 1131; x_wconf 76' lang='lat' dir='ltr'>Ana.</span> <span class='ocrx_word' id='word_1_55' title='bbox 600 1077 693 1132; x_wconf 80' lang='lat' dir='ltr'>Deum</span> <span class='ocrx_word' id='word_1_56' title='bbox 709 1076 880 1148; x_wconf 86' lang='lat' dir='ltr'>impossibile</span> <span class='ocrx_word' id='word_1_57' title='bbox 899 1084 942 1135; x_wconf 86' lang='lat' dir='ltr'>est</span> <span class='ocrx_word' id='word_1_58' title='bbox 958 1080 1089 1136; x_wconf 80' lang='lat' dir='ltr'>honorem</span> <span class='ocrx_word' id='word_1_59' title='bbox 1105 1085 1121 1135; x_wconf 79' lang='lat'><strong>2</strong></span> 
     </span>
     <span class='ocr_line' id='line_1_8' title="bbox 183 1163 1091 1237; baseline 0.002 -18"><span class='ocrx_word' id='word_1_60' title='bbox 183 1181 269 1219; x_wconf 82' lang='lat' dir='ltr'>sunm</span> <span class='ocrx_word' id='word_1_61' title='bbox 295 1163 422 1233; x_wconf 69' lang='lat' dir='ltr'>perdere,</span> <span class='ocrx_word' id='word_1_62' title='bbox 456 1169 505 1218; x_wconf 82' lang='lat' dir='ltr'>aut</span> <span class='ocrx_word' id='word_1_63' title='bbox 537 1163 611 1219; x_wconf 88' lang='lat' dir='ltr'>enim</span> <span class='ocrx_word' id='word_1_64' title='bbox 633 1168 763 1234; x_wconf 78' lang='lat' dir='ltr'>pennatos</span> <span class='ocrx_word' id='word_1_65' title='bbox 787 1170 885 1232; x_wconf 90' lang='lat' dir='ltr'>sponte</span> <span class='ocrx_word' id='word_1_66' title='bbox 907 1164 990 1220; x_wconf 89' lang='lat' dir='ltr'>solvit</span> <span class='ocrx_word' id='word_1_67' title='bbox 1014 1167 1091 1237; x_wconf 89' lang='lat' dir='ltr'>quod</span> 
     </span>
     <span class='ocr_line' id='line_1_9' title="bbox 186 1248 1121 1320; baseline 0.005 -18"><span class='ocrx_word' id='word_1_68' title='bbox 186 1248 280 1316; x_wconf 83' lang='lat' dir='ltr'>debet,</span> <span class='ocrx_word' id='word_1_69' title='bbox 295 1253 345 1303; x_wconf 85' lang='lat' dir='ltr'>aut</span> <span class='ocrx_word' id='word_1_70' title='bbox 361 1249 439 1304; x_wconf 83' lang='lat' dir='ltr'>Deus</span> <span class='ocrx_word' id='word_1_71' title='bbox 457 1249 493 1305; x_wconf 90' lang='lat' dir='ltr'>ab</span> <span class='ocrx_word' id='word_1_72' title='bbox 506 1248 594 1304; x_wconf 80' lang='lat' dir='ltr'>invito</span> <span class='ocrx_word' id='word_1_73' title='bbox 612 1248 734 1320; x_wconf 79' lang='lat' dir='ltr'>occipit·</span> <span class='ocrx_word' id='word_1_74' title='bbox 759 1248 831 1305; x_wconf 87' lang='lat' dir='ltr'>Nam</span> <span class='ocrx_word' id='word_1_75' title='bbox 850 1255 900 1304; x_wconf 84' lang='lat' dir='ltr'>aut</span> <span class='ocrx_word' id='word_1_76' title='bbox 916 1248 997 1304; x_wconf 90' lang='lat' dir='ltr'>homo</span> <span class='ocrx_word' id='word_1_77' title='bbox 1014 1251 1090 1307; x_wconf 88' lang='lat' dir='ltr'>debi·</span> <span class='ocrx_word' id='word_1_78' title='bbox 1106 1262 1121 1312; x_wconf 86' lang='grc'>3</span> 
     </span>
     <span class='ocr_line' id='line_1_10' title="bbox 185 1332 1089 1407; baseline 0.002 -17"><span class='ocrx_word' id='word_1_79' title='bbox 185 1341 245 1390; x_wconf 69' lang='lat' dir='ltr'>tum</span> <span class='ocrx_word' id='word_1_80' title='bbox 271 1332 466 1390; x_wconf 77' lang='lat' dir='ltr'>subiectionem</span> <span class='ocrx_word' id='word_1_81' title='bbox 492 1333 566 1402; x_wconf 89' lang='lat' dir='ltr'>Deo,</span> <span class='ocrx_word' id='word_1_82' title='bbox 594 1334 651 1390; x_wconf 82' lang='lat' dir='ltr'>siva</span> <span class='ocrx_word' id='word_1_83' title='bbox 677 1351 733 1389; x_wconf 88' lang='lat' dir='ltr'>non</span> <span class='ocrx_word' id='word_1_84' title='bbox 758 1334 901 1404; x_wconf 76' lang='lat' dir='ltr'>peccando</span> <span class='ocrx_word' id='word_1_85' title='bbox 929 1336 987 1390; x_wconf 87' lang='lat' dir='ltr'>sive</span> <span class='ocrx_word' id='word_1_86' title='bbox 1013 1338 1089 1407; x_wconf 85' lang='lat' dir='ltr'>qnod</span> 
     </span>
     <span class='ocr_line' id='line_1_11' title="bbox 186 1419 1088 1491; baseline 0.003 -18"><span class='ocrx_word' id='word_1_87' title='bbox 186 1424 286 1491; x_wconf 82' lang='lat' dir='ltr'>pseaat</span> <span class='ocrx_word' id='word_1_88' title='bbox 302 1419 445 1489; x_wconf 82' lang='lat' dir='ltr'>solvendo,</span> <span class='ocrx_word' id='word_1_89' title='bbox 463 1420 607 1475; x_wconf 83' lang='lat' dir='ltr'>voluntate</span> <span class='ocrx_word' id='word_1_90' title='bbox 628 1425 781 1490; x_wconf 82' lang='lat' dir='ltr'>spontanea</span> <span class='ocrx_word' id='word_1_91' title='bbox 796 1419 921 1490; x_wconf 81' lang='lat' dir='ltr'>exhibet,</span> <span class='ocrx_word' id='word_1_92' title='bbox 945 1427 995 1475; x_wconf 83' lang='lat' dir='ltr'>aut</span> <span class='ocrx_word' id='word_1_93' title='bbox 1010 1419 1088 1476; x_wconf 85' lang='lat' dir='ltr'>Dens</span> 
     </span>
     <span class='ocr_line' id='line_1_12' title="bbox 187 1503 1090 1576; baseline 0.001 -16"><span class='ocrx_word' id='word_1_94' title='bbox 187 1521 252 1560; x_wconf 83' lang='lat' dir='ltr'>aum</span> <span class='ocrx_word' id='word_1_95' title='bbox 270 1503 386 1560; x_wconf 80' lang='lat' dir='ltr'>invitum</span> <span class='ocrx_word' id='word_1_96' title='bbox 403 1505 459 1560; x_wconf 68' lang='lat' dir='ltr'>essii</span> <span class='ocrx_word' id='word_1_97' title='bbox 479 1505 635 1576; x_wconf 88' lang='lat' dir='ltr'>torquendo</span> <span class='ocrx_word' id='word_1_98' title='bbox 658 1505 772 1560; x_wconf 85' lang='lat' dir='ltr'>subiicit</span> <span class='ocrx_word' id='word_1_99' title='bbox 788 1511 817 1561; x_wconf 90' lang='lat' dir='ltr'>et</span> <span class='ocrx_word' id='word_1_100' title='bbox 834 1505 874 1561; x_wconf 84' lang='lat' dir='ltr'>sie</span> <span class='ocrx_word' id='word_1_101' title='bbox 892 1523 922 1562; x_wconf 81' lang='lat' dir='ltr'>se</span> <span class='ocrx_word' id='word_1_102' title='bbox 939 1506 1090 1562; x_wconf 89' lang='lat' dir='ltr'>Dominum</span> 
     </span>
     <span class='ocr_line' id='line_1_13' title="bbox 189 1589 1091 1662; baseline 0.006 -18"><span class='ocrx_word' id='word_1_103' title='bbox 189 1589 247 1646; x_wconf 85' lang='lat' dir='ltr'>eius</span> <span class='ocrx_word' id='word_1_104' title='bbox 264 1607 322 1647; x_wconf 85' lang='lat' dir='ltr'>esse</span> <span class='ocrx_word' id='word_1_105' title='bbox 345 1591 483 1662; x_wconf 78' lang='lat' dir='ltr'><strong>ostendit,</strong></span> <span class='ocrx_word' id='word_1_106' title='bbox 510 1591 585 1661; x_wconf 88' lang='lat' dir='ltr'>quod</span> <span class='ocrx_word' id='word_1_107' title='bbox 606 1591 666 1662; x_wconf 88' lang='lat' dir='ltr'>ipse</span> <span class='ocrx_word' id='word_1_108' title='bbox 689 1591 772 1646; x_wconf 92' lang='lat' dir='ltr'>homo</span> <span class='ocrx_word' id='word_1_109' title='bbox 789 1593 932 1648; x_wconf 80' lang='lat' dir='ltr'>voluntate</span> <span class='ocrx_word' id='word_1_110' title='bbox 948 1593 1032 1649; x_wconf 79' lang='lat' dir='ltr'>fatesi</span> <span class='ocrx_word' id='word_1_111' title='bbox 1048 1611 1091 1649; x_wconf 88' lang='lat' dir='ltr'>re·</span> 
     </span>
     <span class='ocr_line' id='line_1_14' title="bbox 190 1663 1126 1749; baseline 0.002 -19"><span class='ocrx_word' id='word_1_112' title='bbox 190 1681 273 1730; x_wconf 80' lang='lat' dir='ltr'>susat</span> <span class='ocrx_word' id='word_1_113' title='bbox 313 1677 348 1730; x_wconf 92' lang='lat' dir='ltr'>In</span> <span class='ocrx_word' id='word_1_114' title='bbox 376 1694 431 1748; x_wconf 90' lang='lat' dir='ltr'>quo</span> <span class='ocrx_word' id='word_1_115' title='bbox 457 1676 699 1746; x_wconf 85' lang='lat' dir='ltr'>oonsidorandum‚</span> <span class='ocrx_word' id='word_1_116' title='bbox 726 1677 793 1748; x_wconf 85' lang='lat' dir='ltr'>quis</span> <span class='ocrx_word' id='word_1_117' title='bbox 820 1663 893 1733; x_wconf 80' lang='lat' dir='ltr'>siout</span> <span class='ocrx_word' id='word_1_118' title='bbox 917 1679 999 1734; x_wconf 90' lang='lat' dir='ltr'>homo</span> <span class='ocrx_word' id='word_1_119' title='bbox 1027 1681 1126 1749; x_wconf 78' lang='lat' dir='ltr'>pso-4</span> 
     </span>
     <span class='ocr_line' id='line_1_15' title="bbox 188 1761 1092 1834; baseline 0.003 -18"><span class='ocrx_word' id='word_1_120' title='bbox 188 1762 277 1818; x_wconf 74' lang='lat' dir='ltr'>cando</span> <span class='ocrx_word' id='word_1_121' title='bbox 308 1761 382 1832; x_wconf 85' lang='lat' dir='ltr'>rapit</span> <span class='ocrx_word' id='word_1_122' title='bbox 408 1763 486 1833; x_wconf 87' lang='lat' dir='ltr'>quod</span> <span class='ocrx_word' id='word_1_123' title='bbox 512 1763 567 1818; x_wconf 88' lang='lat' dir='ltr'>Dei</span> <span class='ocrx_word' id='word_1_124' title='bbox 594 1768 651 1834; x_wconf 86' lang='lat' dir='ltr'>est,</span> <span class='ocrx_word' id='word_1_125' title='bbox 679 1763 720 1818; x_wconf 84' lang='lat' dir='ltr'>its</span> <span class='ocrx_word' id='word_1_126' title='bbox 735 1762 813 1818; x_wconf 88' lang='lat' dir='ltr'>Deus</span> <span class='ocrx_word' id='word_1_127' title='bbox 832 1763 972 1833; x_wconf 88' lang='lat' dir='ltr'>puniendo</span> <span class='ocrx_word' id='word_1_128' title='bbox 1001 1763 1092 1819; x_wconf 78' lang='lat' dir='ltr'><strong>aufert</strong></span> 
     </span>
     <span class='ocr_line' id='line_1_16' title="bbox 186 1847 1092 1921; baseline 0.003 -20"><span class='ocrx_word' id='word_1_129' title='bbox 186 1848 261 1918; x_wconf 81' lang='lat' dir='ltr'>quod</span> <span class='ocrx_word' id='word_1_130' title='bbox 277 1847 396 1904; x_wconf 88' lang='lat' dir='ltr'>hominis</span> <span class='ocrx_word' id='word_1_131' title='bbox 414 1856 463 1904; x_wconf 89' lang='lat' dir='ltr'>est.</span> <span class='ocrx_word' id='word_1_132' title='bbox 498 1849 608 1921; x_wconf 84' lang='lat' dir='ltr'>Quippe</span> <span class='ocrx_word' id='word_1_133' title='bbox 631 1867 687 1904; x_wconf 94' lang='lat' dir='ltr'>non</span> <span class='ocrx_word' id='word_1_134' title='bbox 712 1849 802 1904; x_wconf 88' lang='lat' dir='ltr'>solum</span> <span class='ocrx_word' id='word_1_135' title='bbox 816 1849 844 1903; x_wconf 92' lang='lat' dir='ltr'>id</span> <span class='ocrx_word' id='word_1_136' title='bbox 863 1849 955 1919; x_wconf 84' lang='lat' dir='ltr'>ipsum</span> <span class='ocrx_word' id='word_1_137' title='bbox 974 1847 1092 1904; x_wconf 83' lang='lat' dir='ltr'>alieuius</span> 
     </span>
     <span class='ocr_line' id='line_1_17' title="bbox 187 1931 1093 2006; baseline -0.003 -16"><span class='ocrx_word' id='word_1_138' title='bbox 187 1951 248 1990; x_wconf 83' lang='lat' dir='ltr'>esse</span> <span class='ocrx_word' id='word_1_139' title='bbox 274 1933 377 1989; x_wconf 74' lang='lat' dir='ltr'>dieitur</span> <span class='ocrx_word' id='word_1_140' title='bbox 400 1936 552 2006; x_wconf 88' lang='lat' dir='ltr'>quodiam</span> <span class='ocrx_word' id='word_1_141' title='bbox 576 1933 712 2006; x_wconf 75' lang='lat' dir='ltr'>possidet,</span> <span class='ocrx_word' id='word_1_142' title='bbox 737 1931 787 1988; x_wconf 85' lang='lat' dir='ltr'>sed</span> <span class='ocrx_word' id='word_1_143' title='bbox 814 1931 890 2004; x_wconf 87' lang='lat' dir='ltr'>quod</span> <span class='ocrx_word' id='word_1_144' title='bbox 911 1933 940 1986; x_wconf 92' lang='lat' dir='ltr'>in</span> <span class='ocrx_word' id='word_1_145' title='bbox 963 1933 1022 1987; x_wconf 87' lang='lat' dir='ltr'>eius</span> <span class='ocrx_word' id='word_1_146' title='bbox 1044 1950 1093 2002; x_wconf 90' lang='lat' dir='ltr'>po·</span> 
     </span>
     <span class='ocr_line' id='line_1_18' title="bbox 187 2017 1128 2091; baseline -0.001 -15"><span class='ocrx_word' id='word_1_147' title='bbox 187 2026 288 2076; x_wconf 81' lang='lat' dir='ltr'>testate</span> <span class='ocrx_word' id='word_1_148' title='bbox 311 2026 354 2075; x_wconf 85' lang='lat' dir='ltr'>est</span> <span class='ocrx_word' id='word_1_149' title='bbox 378 2026 410 2076; x_wconf 88' lang='lat' dir='ltr'>ut</span> <span class='ocrx_word' id='word_1_150' title='bbox 432 2020 542 2076; x_wconf 82' lang='lat' dir='ltr'>habeat</span> <span class='ocrx_word' id='word_1_151' title='bbox 578 2019 715 2084; x_wconf 76' lang='lat' dir='ltr'>Quoniam</span> <span class='ocrx_word' id='word_1_152' title='bbox 741 2035 807 2091; x_wconf 85' lang='lat' dir='ltr'>ergo</span> <span class='ocrx_word' id='word_1_153' title='bbox 830 2017 912 2072; x_wconf 86' lang='lat' dir='ltr'>homo</span> <span class='ocrx_word' id='word_1_154' title='bbox 937 2018 977 2073; x_wconf 89' lang='lat' dir='ltr'>its</span> <span class='ocrx_word' id='word_1_155' title='bbox 1001 2017 1128 2075; x_wconf 76' lang='lat' dir='ltr'>factust</span> 
     </span>
     <span class='ocr_line' id='line_1_19' title="bbox 186 2103 1094 2176; baseline 0 -15"><span class='ocrx_word' id='word_1_156' title='bbox 186 2112 245 2175; x_wconf 83' lang='lat' dir='ltr'>est,</span> <span class='ocrx_word' id='word_1_157' title='bbox 271 2110 304 2161; x_wconf 88' lang='lat' dir='ltr'>ut</span> <span class='ocrx_word' id='word_1_158' title='bbox 330 2105 531 2161; x_wconf 80' lang='lat' dir='ltr'>beatitudinem</span> <span class='ocrx_word' id='word_1_159' title='bbox 556 2104 659 2160; x_wconf 83' lang='lat' dir='ltr'>habere</span> <span class='ocrx_word' id='word_1_160' title='bbox 684 2109 792 2176; x_wconf 85' lang='lat' dir='ltr'>posset,</span> <span class='ocrx_word' id='word_1_161' title='bbox 821 2103 845 2158; x_wconf 83' lang='lat' dir='ltr'>si</span> <span class='ocrx_word' id='word_1_162' title='bbox 873 2121 929 2159; x_wconf 91' lang='lat' dir='ltr'>non</span> <span class='ocrx_word' id='word_1_163' title='bbox 952 2111 1094 2175; x_wconf 80' lang='lat' dir='ltr'>peccaret:</span> 
     </span>
     <span class='ocr_line' id='line_1_20' title="bbox 188 2190 1095 2263; baseline -0.003 -16"><span class='ocrx_word' id='word_1_164' title='bbox 188 2209 253 2247; x_wconf 84' lang='lat' dir='ltr'>oum</span> <span class='ocrx_word' id='word_1_165' title='bbox 270 2197 385 2263; x_wconf 86' lang='lat' dir='ltr'>propter</span> <span class='ocrx_word' id='word_1_166' title='bbox 408 2195 554 2262; x_wconf 85' lang='lat' dir='ltr'>peceatum</span> <span class='ocrx_word' id='word_1_167' title='bbox 574 2190 748 2248; x_wconf 84' lang='lat' dir='ltr'>beatitudine</span> <span class='ocrx_word' id='word_1_168' title='bbox 773 2195 801 2244; x_wconf 89' lang='lat' dir='ltr'>et</span> <span class='ocrx_word' id='word_1_169' title='bbox 819 2190 893 2245; x_wconf 88' lang='lat' dir='ltr'>omni</span> <span class='ocrx_word' id='word_1_170' title='bbox 912 2190 986 2246; x_wconf 91' lang='lat' dir='ltr'>bono</span> <span class='ocrx_word' id='word_1_171' title='bbox 1004 2190 1095 2261; x_wconf 89' lang='lat' dir='ltr'>privs·</span> 
     </span>
     <span class='ocr_line' id='line_1_21' title="bbox 189 2275 1095 2348; baseline -0.002 -15"><span class='ocrx_word' id='word_1_172' title='bbox 189 2285 243 2346; x_wconf 86' lang='lat' dir='ltr'>tur,</span> <span class='ocrx_word' id='word_1_173' title='bbox 271 2277 306 2334; x_wconf 88' lang='lat' dir='ltr'>de</span> <span class='ocrx_word' id='word_1_174' title='bbox 328 2295 379 2332; x_wconf 87' lang='lat' dir='ltr'>suo</span> <span class='ocrx_word' id='word_1_175' title='bbox 402 2276 527 2348; x_wconf 84' lang='lat' dir='ltr'>quamvis</span> <span class='ocrx_word' id='word_1_176' title='bbox 550 2276 653 2332; x_wconf 82' lang='lat' dir='ltr'>invitus</span> <span class='ocrx_word' id='word_1_177' title='bbox 678 2276 761 2332; x_wconf 85' lang='lat' dir='ltr'>solvit</span> <span class='ocrx_word' id='word_1_178' title='bbox 787 2275 862 2347; x_wconf 90' lang='lat' dir='ltr'>quod</span> <span class='ocrx_word' id='word_1_179' title='bbox 886 2277 994 2347; x_wconf 70' lang='lat' dir='ltr'>rapuit,</span> <span class='ocrx_word' id='word_1_180' title='bbox 1022 2277 1095 2347; x_wconf 87' lang='lat' dir='ltr'>quia,</span> 
     </span>
     <span class='ocr_line' id='line_1_22' title="bbox 189 2360 1096 2422; baseline -0.002 -4"><span class='ocrx_word' id='word_1_181' title='bbox 189 2363 257 2420; x_wconf 82' lang='lat' dir='ltr'>iicet</span> <span class='ocrx_word' id='word_1_182' title='bbox 283 2363 362 2420; x_wconf 88' lang='lat' dir='ltr'>Deus</span> <span class='ocrx_word' id='word_1_183' title='bbox 388 2363 440 2419; x_wconf 84' lang='lat' dir='ltr'>hoe</span> <span class='ocrx_word' id='word_1_184' title='bbox 466 2363 502 2417; x_wconf 86' lang='lat' dir='ltr'>ad</span> <span class='ocrx_word' id='word_1_185' title='bbox 530 2380 611 2416; x_wconf 86' lang='lat' dir='ltr'>usum</span> <span class='ocrx_word' id='word_1_186' title='bbox 633 2361 678 2416; x_wconf 84' lang='lat' dir='ltr'>sui</span> <span class='ocrx_word' id='word_1_187' title='bbox 703 2361 841 2422; x_wconf 81' lang='lat' dir='ltr'>commodi</span> <span class='ocrx_word' id='word_1_188' title='bbox 869 2377 925 2414; x_wconf 91' lang='lat' dir='ltr'>non</span> <span class='ocrx_word' id='word_1_189' title='bbox 947 2360 1096 2416; x_wconf 81' lang='lat' dir='ltr'>transferat</span> 
     </span>
     <span class='ocr_line' id='line_1_23' title="bbox 193 2445 1095 2522; baseline -0.006 -18"><span class='ocrx_word' id='word_1_190' title='bbox 193 2449 268 2521; x_wconf 88' lang='lat' dir='ltr'>quod</span> <span class='ocrx_word' id='word_1_191' title='bbox 284 2449 389 2514; x_wconf 82' lang='lat' dir='ltr'>aufert,</span> <span class='ocrx_word' id='word_1_192' title='bbox 414 2449 486 2503; x_wconf 86' lang='lat' dir='ltr'>siout</span> <span class='ocrx_word' id='word_1_193' title='bbox 502 2447 584 2504; x_wconf 90' lang='lat' dir='ltr'>homo</span> <span class='ocrx_word' id='word_1_194' title='bbox 602 2449 750 2519; x_wconf 76' lang='lat' dir='ltr'>pecuniam</span> <span class='ocrx_word' id='word_1_195' title='bbox 766 2463 850 2519; x_wconf 87' lang='lat' dir='ltr'>quam</span> <span class='ocrx_word' id='word_1_196' title='bbox 869 2446 916 2500; x_wconf 88' lang='lat' dir='ltr'>alii</span> <span class='ocrx_word' id='word_1_197' title='bbox 934 2445 1038 2522; x_wconf 82' lang='lat' dir='ltr'>aufert,</span> <span class='ocrx_word' id='word_1_198' title='bbox 1065 2445 1095 2500; x_wconf 89' lang='lat' dir='ltr'>in</span> 
     </span>
     <span class='ocr_line' id='line_1_24' title="bbox 194 2532 1096 2604; baseline 0 -16"><span class='ocrx_word' id='word_1_199' title='bbox 194 2551 272 2590; x_wconf 86' lang='lat' dir='ltr'>suam</span> <span class='ocrx_word' id='word_1_200' title='bbox 289 2535 425 2591; x_wconf 84' lang='lat' dir='ltr'>convertit</span> <span class='ocrx_word' id='word_1_201' title='bbox 442 2534 601 2590; x_wconf 86' lang='lat' dir='ltr'>utilitatem:</span> <span class='ocrx_word' id='word_1_202' title='bbox 628 2533 681 2589; x_wconf 90' lang='lat' dir='ltr'>hoo</span> <span class='ocrx_word' id='word_1_203' title='bbox 708 2538 802 2588; x_wconf 83' lang='lat' dir='ltr'>tamon</span> <span class='ocrx_word' id='word_1_204' title='bbox 820 2532 896 2604; x_wconf 88' lang='lat' dir='ltr'>quod</span> <span class='ocrx_word' id='word_1_205' title='bbox 914 2532 1017 2601; x_wconf 86' lang='lat' dir='ltr'>aufert,</span> <span class='ocrx_word' id='word_1_206' title='bbox 1042 2532 1096 2588; x_wconf 89' lang='lat' dir='ltr'>uti·</span> 
     </span>
     <span class='ocr_line' id='line_1_25' title="bbox 192 2617 1152 2689; baseline -0.003 -14"><span class='ocrx_word' id='word_1_207' title='bbox 192 2626 240 2675; x_wconf 88' lang='lat' dir='ltr'>tur</span> <span class='ocrx_word' id='word_1_208' title='bbox 269 2622 305 2676; x_wconf 86' lang='lat' dir='ltr'>sd</span> <span class='ocrx_word' id='word_1_209' title='bbox 333 2637 414 2677; x_wconf 88' lang='lat' dir='ltr'>suum</span> <span class='ocrx_word' id='word_1_210' title='bbox 444 2620 586 2689; x_wconf 86' lang='lat' dir='ltr'>honorem,</span> <span class='ocrx_word' id='word_1_211' title='bbox 615 2635 666 2689; x_wconf 85' lang='lat' dir='ltr'>per</span> <span class='ocrx_word' id='word_1_212' title='bbox 690 2620 743 2673; x_wconf 86' lang='lat' dir='ltr'>hoo</span> <span class='ocrx_word' id='word_1_213' title='bbox 771 2617 837 2689; x_wconf 89' lang='lat' dir='ltr'>quia</span> <span class='ocrx_word' id='word_1_214' title='bbox 861 2619 960 2674; x_wconf 85' lang='lat' dir='ltr'>aufert.</span> <span class='ocrx_word' id='word_1_215' title='bbox 1008 2619 1096 2673; x_wconf 77' lang='lat' dir='ltr'>Anie-</span> <span class='ocrx_word' id='word_1_216' title='bbox 1151 2639 1152 2642; x_wconf 41' lang='lat'>¹</span> 
     </span>
     <span class='ocr_line' id='line_1_26' title="bbox 194 2701 1097 2778; baseline -0.006 -17"><span class='ocrx_word' id='word_1_217' title='bbox 194 2707 280 2762; x_wconf 78' lang='lat' dir='ltr'>nendo</span> <span class='ocrx_word' id='word_1_218' title='bbox 303 2709 375 2762; x_wconf 86' lang='lat' dir='ltr'>enim</span> <span class='ocrx_word' id='word_1_219' title='bbox 395 2712 567 2778; x_wconf 80' lang='lat' dir='ltr'>peecatorem</span> <span class='ocrx_word' id='word_1_220' title='bbox 585 2711 613 2760; x_wconf 87' lang='lat' dir='ltr'>et</span> <span class='ocrx_word' id='word_1_221' title='bbox 632 2721 704 2774; x_wconf 84' lang='lat' dir='ltr'>quas</span> <span class='ocrx_word' id='word_1_222' title='bbox 721 2701 797 2760; x_wconf 79' lang='lat' dir='ltr'>iilius</span> <span class='ocrx_word' id='word_1_223' title='bbox 816 2709 882 2759; x_wconf 85' lang='lat' dir='ltr'>sunt</span> <span class='ocrx_word' id='word_1_224' title='bbox 901 2703 1027 2759; x_wconf 74' lang='lat' dir='ltr'>subiecta</span> <span class='ocrx_word' id='word_1_225' title='bbox 1043 2702 1097 2758; x_wconf 88' lang='lat' dir='ltr'>sibi</span> 
     </span>
     <span class='ocr_line' id='line_1_27' title="bbox 194 2793 381 2863; baseline 0 -15"><span class='ocrx_word' id='word_1_226' title='bbox 194 2810 255 2848; x_wconf 85' lang='lat' dir='ltr'>esse</span> <span class='ocrx_word' id='word_1_227' title='bbox 273 2793 381 2863; x_wconf 82' lang='lat' dir='ltr'>probat.</span> 
     </span>
    </p>
   </div>
   <div class='ocr_carea' id='block_1_3' title="bbox 195 3016 1134 3458">
    <p class='ocr_par' dir='ltr' id='par_1_3' title="bbox 195 3016 1134 3458">
     <span class='ocr_line' id='line_1_28' title="bbox 274 3016 1129 3120; baseline -0.02 -19"><span class='ocrx_word' id='word_1_228' title='bbox 274 3016 342 3101; x_wconf 82' lang='lat'>15.</span> <span class='ocrx_word' id='word_1_229' title='bbox 392 3051 459 3103; x_wconf 67' lang='lat' dir='ltr'>nos.</span> <span class='ocrx_word' id='word_1_230' title='bbox 476 3047 574 3102; x_wconf 59' lang='lat' dir='ltr'>Placet</span> <span class='ocrx_word' id='word_1_231' title='bbox 592 3044 666 3116; x_wconf 77' lang='lat' dir='ltr'>quos</span> <span class='ocrx_word' id='word_1_232' title='bbox 687 3043 763 3100; x_wconf 68' lang='lat' dir='ltr'>nen.</span> <span class='ocrx_word' id='word_1_233' title='bbox 791 3042 846 3098; x_wconf 75' lang='lat' dir='ltr'>ses</span> <span class='ocrx_word' id='word_1_234' title='bbox 867 3035 1098 3120; x_wconf 65' lang='lat' dir='ltr'>antemissas</span> <span class='ocrx_word' id='word_1_235' title='bbox 1117 3035 1129 3084; x_wconf 90' lang='lat'>1</span> 
     </span>
     <span class='ocr_line' id='line_1_29' title="bbox 196 3120 1099 3208; baseline -0.017 -17"><span class='ocrx_word' id='word_1_236' title='bbox 196 3135 271 3208; x_wconf 88' lang='lat' dir='ltr'>quod</span> <span class='ocrx_word' id='word_1_237' title='bbox 288 3141 366 3190; x_wconf 86' lang='lat' dir='ltr'>tuam</span> <span class='ocrx_word' id='word_1_238' title='bbox 385 3133 590 3204; x_wconf 80' lang='lat' dir='ltr'>responsionem</span> <span class='ocrx_word' id='word_1_239' title='bbox 607 3129 726 3202; x_wconf 87' lang='lat' dir='ltr'>postulo.</span> <span class='ocrx_word' id='word_1_240' title='bbox 761 3131 834 3188; x_wconf 85' lang='lat' dir='ltr'>Nam</span> <span class='ocrx_word' id='word_1_241' title='bbox 851 3126 876 3181; x_wconf 84' lang='lat' dir='ltr'>si</span> <span class='ocrx_word' id='word_1_242' title='bbox 894 3125 972 3178; x_wconf 87' lang='lat' dir='ltr'>Deus</span> <span class='ocrx_word' id='word_1_243' title='bbox 991 3121 1032 3174; x_wconf 84' lang='lat' dir='ltr'>its</span> <span class='ocrx_word' id='word_1_244' title='bbox 1049 3120 1099 3176; x_wconf 87' lang='lat' dir='ltr'>sio·</span> 
     </span>
     <span class='ocr_line' id='line_1_30' title="bbox 195 3207 1109 3293; baseline -0.018 -15"><span class='ocrx_word' id='word_1_245' title='bbox 195 3228 229 3278; x_wconf 80' lang='lat' dir='ltr'>at</span> <span class='ocrx_word' id='word_1_246' title='bbox 251 3220 367 3293; x_wconf 81' lang='lat' dir='ltr'>probas,</span> <span class='ocrx_word' id='word_1_247' title='bbox 395 3235 475 3274; x_wconf 88' lang='lat' dir='ltr'>suum</span> <span class='ocrx_word' id='word_1_248' title='bbox 505 3215 590 3272; x_wconf 80' lang='lat' dir='ltr'>debet</span> <span class='ocrx_word' id='word_1_249' title='bbox 611 3215 742 3272; x_wconf 87' lang='lat' dir='ltr'>honorem</span> <span class='ocrx_word' id='word_1_250' title='bbox 768 3228 890 3268; x_wconf 71' lang='lat' dir='ltr'>servaret</span> <span class='ocrx_word' id='word_1_251' title='bbox 919 3225 969 3262; x_wconf 86' lang='lat' dir='ltr'>our</span> <span class='ocrx_word' id='word_1_252' title='bbox 993 3207 1039 3263; x_wconf 86' lang='lat' dir='ltr'>vel</span> <span class='ocrx_word' id='word_1_253' title='bbox 1062 3207 1109 3281; x_wconf 69' lang='lat' dir='ltr'>sd⁴</span> 
     </span>
     <span class='ocr_line' id='line_1_31' title="bbox 197 3293 1100 3374; baseline -0.016 -14"><span class='ocrx_word' id='word_1_254' title='bbox 197 3306 337 3360; x_wconf 80' lang='lat' dir='ltr'>modicum</span> <span class='ocrx_word' id='word_1_255' title='bbox 353 3304 459 3374; x_wconf 84' lang='lat' dir='ltr'>patitur</span> <span class='ocrx_word' id='word_1_256' title='bbox 474 3303 554 3358; x_wconf 90' lang='lat' dir='ltr'>illum</span> <span class='ocrx_word' id='word_1_257' title='bbox 570 3299 687 3356; x_wconf 81' lang='lat' dir='ltr'>violari?</span> <span class='ocrx_word' id='word_1_258' title='bbox 716 3298 797 3363; x_wconf 77' lang='lat' dir='ltr'>Quod</span> <span class='ocrx_word' id='word_1_259' title='bbox 816 3295 890 3350; x_wconf 84' lang='lat' dir='ltr'>euim</span> <span class='ocrx_word' id='word_1_260' title='bbox 906 3294 1000 3365; x_wconf 82' lang='lat' dir='ltr'>aliquo</span> <span class='ocrx_word' id='word_1_261' title='bbox 1017 3293 1100 3348; x_wconf 85' lang='lat' dir='ltr'>modo</span> 
     </span>
     <span class='ocr_line' id='line_1_32' title="bbox 196 3375 1134 3458; baseline -0.017 -13"><span class='ocrx_word' id='word_1_262' title='bbox 196 3389 272 3446; x_wconf 81' lang='lat' dir='ltr'>iaedi</span> <span class='ocrx_word' id='word_1_263' title='bbox 281 3388 389 3457; x_wconf 87' lang='lat' dir='ltr'>sinitur,</span> <span class='ocrx_word' id='word_1_264' title='bbox 400 3403 457 3441; x_wconf 90' lang='lat' dir='ltr'>non</span> <span class='ocrx_word' id='word_1_265' title='bbox 463 3387 572 3458; x_wconf 82' lang='lat' dir='ltr'>integre</span> <span class='ocrx_word' id='word_1_266' title='bbox 580 3401 632 3441; x_wconf 87' lang='lat' dir='ltr'>noe</span> <span class='ocrx_word' id='word_1_267' title='bbox 641 3384 763 3456; x_wconf 76' lang='lat' dir='ltr'>perfecte</span> <span class='ocrx_word' id='word_1_268' title='bbox 772 3380 936 3434; x_wconf 86' lang='lat' dir='ltr'>eustoditur.</span> <span class='ocrx_word' id='word_1_269' title='bbox 960 3379 1029 3433; x_wconf 77' lang='lat' dir='ltr'>Ans.</span> <span class='ocrx_word' id='word_1_270' title='bbox 1044 3375 1099 3431; x_wconf 84' lang='lat' dir='ltr'>Dei</span> <span class='ocrx_word' id='word_1_271' title='bbox 1117 3379 1134 3429; x_wconf 82' lang='lat'>2</span> 
     </span>
    </p>
   </div>
   <div class='ocr_carea' id='block_1_4' title="bbox 0 0 1345 3818">
    <p class='ocr_par' dir='ltr' id='par_1_4' title="bbox 0 0 1345 3818">
     <span class='ocr_line' id='line_1_33' title="bbox 0 0 1345 3818; baseline 0 0"><span class='ocrx_word' id='word_1_272' title='bbox 0 0 1345 3818; x_wconf 95' lang='lat' dir='ltr'> </span> 
     </span>
    </p>
   </div>
  </div>
 </body>
</html>
