2638 3818
442 313 663 372 rmmsmo
682 313 869 373 domums.
1109 317 1152 403 1¹,
1239 374 1244 382 ,

180 487 312 556 illorum·
329 487 369 556 de
385 494 521 556 sambae
534 485 666 554 fallacia
678 485 950 572 disputationibus
964 485 1141 554 involutam

181 575 323 659 mythico
346 579 480 640 exueret
501 570 610 638 forma.
658 571 817 656 Accessit,
846 571 931 655 quod
959 578 1035 638 tunc
1060 580 1139 638 tem-

203 660 267 724 oris
290 658 371 724 haec
397 656 512 722 eadem
539 656 579 722 de
609 657 732 723 ratione
761 657 891 724 divinae
912 656 1140 725 incarnationis

179 680 283 827 deque
304 743 432 816 interna
451 742 535 807 inter
554 749 689 808 mortem
708 741 828 806 Christi
846 740 1018 825 mundique
1039 742 1140 811 vitam

180 828 379 895 connexione
410 827 554 911 quaestio
585 828 755 892 multorum
782 825 926 892 fidelium
952 829 1140 894 nouaclum

179 912 378 980 literatorum
401 919 433 978 et
461 912 647 978 clericorum
669 911 727 977 sed
747 911 845 976 etiam
864 913 1086 978 illiteratorum
1107 920 1140 978 et

178 999 334 1064 laicorum
361 997 528 1081 occupavit
557 996 689 1062 animos.
732 997 837 1062 Fuere
860 997 1061 1081 potissimum
1085 998 1140 1082 qui

178 1083 377 1166 dubitarent,
406 1102 448 1147 an
475 1081 630 1148 redemtio
657 1082 728 1148 sola
755 1083 919 1148 voluntate
939 1083 1069 1150 iussuve
1092 1082 1139 1147 di-

178 1168 256 1232 vino
279 1173 340 1265 'aut
366 1187 425 1251 per
452 1167 550 1232 aliam
582 1185 678 1250 quam
706 1186 780 1266 per·
793 1167 856 1232 Dei
882 1187 1053 1252 personam
1067 1187 1140 1268 ¹seu

178 1251 1139 1421 {rulthstabulabunttitulat

179 1422 271 1504 qnasi
301 1420 421 1488 fatuam
452 1421 598 1486 deridere
630 1441 669 1488 ac
699 1421 966 1488 contradictiones
996 1422 1030 1486 in
1058 1422 1138 1488 chri-

179 1506 282 1572 stiana
308 1507 371 1572 fide
392 1505 716 1590 obvias-arroganter
737 1508 884 1572 ementiri
904 1508 1069 1574 solitorum
1090 1527 1138 1573 re-

179 1591 373 1676 darguendis
406 1600 438 1657 et
469 1590 654 1657 refellendis
683 1611 718 1656 se
748 1595 960 1675 agnoscerent
988 1593 1138 1677 impares.

176 1677 255 1744 Inde
274 1678 396 1742 factum
422 1683 487 1759 est,
517 1685 552 1742 ut
582 1696 681 1760 saepe
702 1675 735 1740 S.
759 1677 903 1742 Anselmi
927 1677 961 1742 in
981 1678 1137 1743 similibus

176 1761 423 1846 cogitationibus
445 1760 543 1826 defixi
564 1761 771 1844 exquirerent
790 1762 958 1828 consilium
979 1763 1021 1827 ab
1036 1782 1138 1846 eoque

80 1897 82 1904 .
175 1848 329 1913 eximiis
356 1847 471 1930 quibus
496 1845 668 1912 haeserunt
698 1847 738 1912 de
762 1846 944 1930 perdifficili
964 1847 1021 1912 illa
1042 1867 1138 1931 quae·

176 1931 278 1999 stione
310 1932 476 2015 scrupulos
509 1931 651 2011 studiose
685 1937 847 2017 peterent;
880 1951 940 1998 nec
969 1931 1138 1998 defuerunt

175 2017 230 2100 qui
257 2023 293 2083 ut
321 2018 434 2081 barum
458 2015 711 2100 disputationum
744 2035 900 2083 summum
933 2017 1139 2099 consignaret

175 2101 292 2186 literis,
334 2102 429 2166 enixe
472 2108 623 2183 rogarent
665 2101 742 2166 fidei
776 2101 940 2168 intellectu
977 2101 1137 2168 delectati.

175 2187 266 2252 Haec
300 2187 410 2269 itaque
447 2186 553 2251 omnia
588 2186 745 2251 dederunt
780 2194 889 2252 nostro
929 2207 1027 2254 ansas
1065 2208 1137 2253 con-

175 2271 304 2338 ficiendi
344 2277 514 2336 tractatum
547 2270 632 2354 „Gur
663 2271 752 2336 Deus
780 2271 903 2338 Homo“
939 2272 1136 2356 inscriptum,

175 2377 270 2441 quem
291 2376 332 2421 na
352 2356 494 2422 differret
517 2356 680 2440 evulgare,
703 2356 786 2421 inter
800 2357 881 2422 alios
896 2357 1035 2422 maxime
1053 2358 1136 2422 Boso
1203 2365 1207 2374 '

174 2441 348 2507 Monachus
361 2438 387 2527 1)
409 2439 568 2523 flagitavit
588 2447 620 2506 et
640 2439 833 2526 impetravit.

246 2642 269 2706 1)
297 2639 370 2695 ‘Cum
397 2656 451 2720 quo
479 2641 505 2696 S.
532 2642 682 2696 Anselmus
710 2643 764 2697 fuir
788 2644 952 2699 coniunctus
982 2643 1136 2698 arctissimo

175 2708 347 2778 paternitatis
371 2710 522 2780 spuritualis
547 2711 665 2769 vinculo.
702 2712 758 2768 cfr.
778 2713 942 2767 Ecdmcrca
959 2713 1002 2768 De
1021 2713 1088 2768 Vita
1108 2713 1136 2767 S.

175 2778 210 2830 A.
231 2783 253 2845 l,
272 2783 317 2834 12:
343 2809 394 2848 „-—
406 2779 519 2850 quidum
537 2780 658 2835 Clericus
679 2785 771 2836 aetate
789 2781 904 2850 iuvenis,
923 2782 997 2836 Boso
1016 2782 1134 2848 nomine,

175 2847 295 2900 Beccum
325 2847 402 2902 venit
436 2848 556 2904 Abbatis
588 2851 755 2921 colloquium
782 2857 920 2920 expetens.
964 2851 1033 2904 Erat
1062 2849 1136 2902 enim

175 2915 251 2970 idem
268 2933 331 2970 acer
349 2916 462 2988 ingenio
481 2925 511 2972 et
529 2918 696 2990 quibusdam
713 2920 852 2990 perplexis
868 2918 1076 2992 quaestionibus
1094 2917 1135 2970 in·

172 2983 298 3038 volverat
324 2985 457 3053 animum,
482 3003 534 3040 nec
556 2988 677 3058 reperire
702 3003 869 3069 quemquam
894 2993 1003 3058 poterat
1020 2985 1068 3107 qui
1088 3002 1135 3040 eas

174 3051 229 3108 sibi
246 3053 283 3106 ad
301 3061 396 3108 votum
420 3055 566 3111 evolveret.
601 3056 732 3130 Loquens
758 3057 845 3130 igitur
869 3073 933 3111 cum
951 3057 1027 3108 Anse
1038 3070 1082 3109 mo
1101 3070 1135 3109 ac

172 3122 260 3178 nodos
284 3121 309 3176 ei
330 3123 373 3176 sui
391 3123 480 3179 cordis
499 3124 678 3194 depromens,
702 3129 795 3180 omnia
811 3141 884 3196 quas
905 3122 1081 3178 desiderabat
1099 3124 1135 3178 ab

173 3209 206 3247 eo
232 3190 292 3245 sine
318 3192 449 3263 scrupulo
475 3193 551 3248 disee
571 3193 684 3248 tationis
707 3194 824 3266 accepit
859 3193 976 3248 Miratus
1002 3207 1070 3264 ergo
1086 3192 1135 3245 ho·

172 3261 275 3332 minem
301 3267 344 3315 est
367 3268 395 3316 et
417 3261 503 3315 nimio
528 3262 538 3314 i
562 3263 603 3316 'us
627 3279 719 3319 amore
744 3262 901 3318 devinctus,
934 3261 1041 3316 Dehinc
1069 3277 1135 3331 ergo

175 3343 262 3400 quum
279 3329 339 3383 eius
356 3329 524 3384 allocutione
542 3330 715 3386 familiariter
731 3332 875 3402 potiretur,
894 3329 1002 3385 illectus
1020 3331 1058 3384 ad
1069 3345 1134 3383 con·

174 3403 289 3454 temtum
308 3399 413 3454 saeculi
431 3413 542 3454 emenso
558 3399 636 3454 brevi
654 3401 753 3470 qratia,
771 3397 855 3452 Becoi
873 3398 1026 3454 Monachus
1043 3397 1136 3452 factus
