<?xml version="1.0" encoding="UTF-8"?>
<!DOCTYPE html PUBLIC "-//W3C//DTD XHTML 1.0 Transitional//EN"
    "http://www.w3.org/TR/xhtml1/DTD/xhtml1-transitional.dtd">
<html xmlns="http://www.w3.org/1999/xhtml" xml:lang="en" lang="en">
 <head>
  <title>
</title>
<meta http-equiv="Content-Type" content="text/html;charset=utf-8" />
  <meta name='ocr-system' content='tesseract 3.04.00' />
  <meta name='ocr-capabilities' content='ocr_page ocr_carea ocr_par ocr_line ocrx_word'/>
</head>
<body>
  <div class='ocr_page' id='page_1' title='image "./sanselmicantuar03laemgoog_0020.png"; bbox 0 0 2638 3818; ppageno 0'>
   <div class='ocr_carea' id='block_1_1' title="bbox 222 1085 1078 1200">
    <p class='ocr_par' dir='ltr' id='par_1_1' title="bbox 222 1085 1078 1200">
     <span class='ocr_line' id='line_1_1' title="bbox 222 1085 1078 1200; baseline 0.001 -16"><span class='ocrx_word' id='word_1_1' title='bbox 222 1196 224 1200; x_wconf 84' lang='lat'>.</span> <span class='ocrx_word' id='word_1_2' title='bbox 294 1085 649 1186; x_wconf 75' lang='lat' dir='ltr'><strong>Pllllllll&#39;l&#39;lll</strong></span> <span class='ocrx_word' id='word_1_3' title='bbox 694 1085 736 1184; x_wconf 86' lang='lat' dir='ltr'><strong>S.</strong></span> <span class='ocrx_word' id='word_1_4' title='bbox 785 1086 1078 1186; x_wconf 72' lang='lat' dir='ltr'><strong>lustum.</strong></span> 
     </span>
    </p>
   </div>
   <div class='ocr_carea' id='block_1_2' title="bbox 603 1369 769 1378">
    <p class='ocr_par' dir='ltr' id='par_1_2' title="bbox 603 1369 769 1378">
     <span class='ocr_line' id='line_1_2' title="bbox 603 1369 769 1378; baseline -0.006 -1"><span class='ocrx_word' id='word_1_5' title='bbox 603 1369 769 1378; x_wconf 79' lang='lat'><em>—-—-.—-</em></span> 
     </span>
    </p>
   </div>
   <div class='ocr_carea' id='block_1_3' title="bbox 213 1503 1164 1613">
    <p class='ocr_par' dir='ltr' id='par_1_3' title="bbox 213 1503 1164 1613">
     <span class='ocr_line' id='line_1_3' title="bbox 213 1503 1164 1613; baseline 0.004 -25"><span class='ocrx_word' id='word_1_6' title='bbox 213 1503 307 1612; x_wconf 89' lang='lat' dir='ltr'><strong>Opus</strong></span> <span class='ocrx_word' id='word_1_7' title='bbox 335 1524 498 1594; x_wconf 85' lang='lat' dir='ltr'><strong>subditum</strong></span> <span class='ocrx_word' id='word_1_8' title='bbox 529 1531 660 1613; x_wconf 83' lang='lat' dir='ltr'><strong>propter</strong></span> <span class='ocrx_word' id='word_1_9' title='bbox 691 1525 862 1610; x_wconf 82' lang='lat' dir='ltr'><strong>quosdam,</strong></span> <span class='ocrx_word' id='word_1_10' title='bbox 902 1524 957 1610; x_wconf 92' lang='lat' dir='ltr'><strong>qui</strong></span> <span class='ocrx_word' id='word_1_11' title='bbox 991 1532 1164 1611; x_wconf 77' lang='lat' dir='ltr'>antequam</span> 
     </span>
    </p>
   </div>
   <div class='ocr_carea' id='block_1_4' title="bbox 139 1618 1166 3405">
    <p class='ocr_par' dir='ltr' id='par_1_4' title="bbox 139 1618 1166 3405">
     <span class='ocr_line' id='line_1_4' title="bbox 208 1618 1164 1705; baseline 0.001 -20"><span class='ocrx_word' id='word_1_12' title='bbox 208 1620 382 1704; x_wconf 84' lang='lat' dir='ltr'><strong>perfeetum</strong></span> <span class='ocrx_word' id='word_1_13' title='bbox 411 1626 443 1685; x_wconf 88' lang='lat' dir='ltr'><strong>et</strong></span> <span class='ocrx_word' id='word_1_14' title='bbox 473 1619 667 1703; x_wconf 87' lang='lat' dir='ltr'><strong>exquisitum</strong></span> <span class='ocrx_word' id='word_1_15' title='bbox 694 1627 796 1704; x_wconf 89' lang='lat' dir='ltr'><strong>esset,</strong></span> <span class='ocrx_word' id='word_1_16' title='bbox 823 1618 944 1703; x_wconf 90' lang='lat' dir='ltr'><strong>primas</strong></span> <span class='ocrx_word' id='word_1_17' title='bbox 963 1626 1072 1705; x_wconf 89' lang='lat' dir='ltr'><strong>partes</strong></span> <span class='ocrx_word' id='word_1_18' title='bbox 1094 1619 1164 1687; x_wconf 91' lang='lat' dir='ltr'><strong>eius</strong></span> 
     </span>
     <span class='ocr_line' id='line_1_5' title="bbox 206 1703 1165 1789; baseline 0.002 -20"><span class='ocrx_word' id='word_1_19' title='bbox 206 1725 257 1771; x_wconf 91' lang='lat' dir='ltr'><strong>me</strong></span> <span class='ocrx_word' id='word_1_20' title='bbox 278 1704 442 1771; x_wconf 78' lang='lat' dir='ltr'><strong>nesciente</strong></span> <span class='ocrx_word' id='word_1_21' title='bbox 464 1704 526 1770; x_wconf 91' lang='lat' dir='ltr'><strong>sibi</strong></span> <span class='ocrx_word' id='word_1_22' title='bbox 547 1704 828 1788; x_wconf 78' lang='lat' dir='ltr'><strong>transscribebant,</strong></span> <span class='ocrx_word' id='word_1_23' title='bbox 849 1703 1053 1771; x_wconf 75' lang='lat' dir='ltr'><strong>festinantius</strong></span> <span class='ocrx_word' id='word_1_24' title='bbox 1069 1725 1165 1789; x_wconf 89' lang='lat' dir='ltr'><strong>quam</strong></span> 
     </span>
     <span class='ocr_line' id='line_1_6' title="bbox 205 1788 1166 1875; baseline 0.001 -20"><span class='ocrx_word' id='word_1_25' title='bbox 205 1788 283 1855; x_wconf 91' lang='lat' dir='ltr'><strong>mihi</strong></span> <span class='ocrx_word' id='word_1_26' title='bbox 305 1795 519 1875; x_wconf 88' lang='lat' dir='ltr'><strong>opportunum</strong></span> <span class='ocrx_word' id='word_1_27' title='bbox 539 1798 634 1875; x_wconf 86' lang='lat' dir='ltr'><strong>esset,</strong></span> <span class='ocrx_word' id='word_1_28' title='bbox 653 1811 691 1856; x_wconf 87' lang='lat' dir='ltr'><strong>ae</strong></span> <span class='ocrx_word' id='word_1_29' title='bbox 705 1789 778 1857; x_wconf 88' lang='lat' dir='ltr'><strong>ideo</strong></span> <span class='ocrx_word' id='word_1_30' title='bbox 794 1788 922 1855; x_wconf 89' lang='lat' dir='ltr'><strong>brevius</strong></span> <span class='ocrx_word' id='word_1_31' title='bbox 938 1810 1033 1874; x_wconf 90' lang='lat' dir='ltr'><strong>quam</strong></span> <span class='ocrx_word' id='word_1_32' title='bbox 1047 1790 1166 1857; x_wconf 84' lang='lat' dir='ltr'><strong>vellem</strong></span> 
     </span>
     <span class='ocr_line' id='line_1_7' title="bbox 206 1875 1165 1976; baseline 0 -35"><span class='ocrx_word' id='word_1_33' title='bbox 206 1896 278 1941; x_wconf 93' lang='lat' dir='ltr'><strong>sum</strong></span> <span class='ocrx_word' id='word_1_34' title='bbox 306 1881 450 1976; x_wconf 66' lang='lat' dir='ltr'><strong>(rosetus²</strong></span> <span class='ocrx_word' id='word_1_35' title='bbox 482 1880 519 1938; x_wconf 88' lang='lat' dir='ltr'><strong>ut</strong></span> <span class='ocrx_word' id='word_1_36' title='bbox 544 1875 651 1976; x_wconf 83' lang='lat' dir='ltr'><strong>potui,</strong></span> <span class='ocrx_word' id='word_1_37' title='bbox 684 1893 912 1941; x_wconf 86' lang='lat' dir='ltr'><strong>consummare.</strong></span> <span class='ocrx_word' id='word_1_38' title='bbox 961 1875 1046 1941; x_wconf 90' lang='lat' dir='ltr'><strong>Nam</strong></span> <span class='ocrx_word' id='word_1_39' title='bbox 1071 1876 1165 1959; x_wconf 91' lang='lat' dir='ltr'><strong>plura</strong></span> 
     </span>
     <span class='ocr_line' id='line_1_8' title="bbox 139 1958 1165 2044; baseline 0.002 -20"><span class='ocrx_word' id='word_1_40' title='bbox 139 1970 141 1975; x_wconf 85' lang='lat'>&#39;</span> <span class='ocrx_word' id='word_1_41' title='bbox 207 1979 290 2043; x_wconf 88' lang='lat' dir='ltr'><strong>quae</strong></span> <span class='ocrx_word' id='word_1_42' title='bbox 312 1959 414 2044; x_wconf 78' lang='lat' dir='ltr'><strong>tacui,</strong></span> <span class='ocrx_word' id='word_1_43' title='bbox 439 1979 645 2026; x_wconf 87' lang='lat' dir='ltr'><strong>1nseru1ssem</strong></span> <span class='ocrx_word' id='word_1_44' title='bbox 667 1967 699 2026; x_wconf 89' lang='lat' dir='ltr'><strong>et</strong></span> <span class='ocrx_word' id='word_1_45' title='bbox 720 1959 932 2042; x_wconf 80' lang='lat' dir='ltr'><strong>addidissem,</strong></span> <span class='ocrx_word' id='word_1_46' title='bbox 953 1958 982 2024; x_wconf 92' lang='lat' dir='ltr'><strong>si</strong></span> <span class='ocrx_word' id='word_1_47' title='bbox 1003 1959 1036 2024; x_wconf 92' lang='lat' dir='ltr'><strong>in</strong></span> <span class='ocrx_word' id='word_1_48' title='bbox 1057 1959 1165 2043; x_wconf 85' lang='lat' dir='ltr'><strong>quiete</strong></span> 
     </span>
     <span class='ocr_line' id='line_1_9' title="bbox 159 2043 1165 2128; baseline -0.001 -17"><span class='ocrx_word' id='word_1_49' title='bbox 159 2105 162 2111; x_wconf 88' lang='lat'><em>.</em></span> <span class='ocrx_word' id='word_1_50' title='bbox 207 2051 241 2110; x_wconf 89' lang='lat' dir='ltr'><strong>et</strong></span> <span class='ocrx_word' id='word_1_51' title='bbox 271 2063 411 2127; x_wconf 80' lang='lat' dir='ltr'><strong>eongruo</strong></span> <span class='ocrx_word' id='word_1_52' title='bbox 444 2045 549 2128; x_wconf 89' lang='lat' dir='ltr'><strong>spatio</strong></span> <span class='ocrx_word' id='word_1_53' title='bbox 581 2043 662 2111; x_wconf 91' lang='lat' dir='ltr'><strong>illud</strong></span> <span class='ocrx_word' id='word_1_54' title='bbox 693 2045 771 2111; x_wconf 94' lang='lat' dir='ltr'><strong>mihi</strong></span> <span class='ocrx_word' id='word_1_55' title='bbox 802 2043 898 2111; x_wconf 89' lang='lat' dir='ltr'><strong>edere</strong></span> <span class='ocrx_word' id='word_1_56' title='bbox 926 2043 1078 2111; x_wconf 82' lang='lat' dir='ltr'><strong>licuisset.</strong></span> <span class='ocrx_word' id='word_1_57' title='bbox 1126 2045 1165 2110; x_wconf 91' lang='lat' dir='ltr'><strong>In</strong></span> 
     </span>
     <span class='ocr_line' id='line_1_10' title="bbox 206 2127 1165 2216; baseline 0 -22"><span class='ocrx_word' id='word_1_58' title='bbox 206 2149 326 2212; x_wconf 85' lang='lat' dir='ltr'><strong>magna</strong></span> <span class='ocrx_word' id='word_1_59' title='bbox 347 2127 433 2194; x_wconf 90' lang='lat' dir='ltr'><strong>enim</strong></span> <span class='ocrx_word' id='word_1_60' title='bbox 454 2130 559 2196; x_wconf 82' lang='lat' dir='ltr'><strong>cordis</strong></span> <span class='ocrx_word' id='word_1_61' title='bbox 586 2131 805 2216; x_wconf 84' lang='lat' dir='ltr'><strong>tribulatione,</strong></span> <span class='ocrx_word' id='word_1_62' title='bbox 831 2150 928 2212; x_wconf 86' lang='lat' dir='ltr'><strong>quam</strong></span> <span class='ocrx_word' id='word_1_63' title='bbox 949 2129 1034 2196; x_wconf 89' lang='lat' dir='ltr'><strong>unde</strong></span> <span class='ocrx_word' id='word_1_64' title='bbox 1055 2137 1087 2196; x_wconf 94' lang='lat' dir='ltr'><strong>et</strong></span> <span class='ocrx_word' id='word_1_65' title='bbox 1110 2151 1165 2197; x_wconf 87' lang='lat' dir='ltr'><strong>eur</strong></span> 
     </span>
     <span class='ocr_line' id='line_1_11' title="bbox 206 2213 1165 2315; baseline 0.002 -35"><span class='ocrx_word' id='word_1_66' title='bbox 206 2233 323 2314; x_wconf 83' lang='lat' dir='ltr'><strong>passus</strong></span> <span class='ocrx_word' id='word_1_67' title='bbox 354 2213 416 2280; x_wconf 91' lang='lat' dir='ltr'><strong>sim</strong></span> <span class='ocrx_word' id='word_1_68' title='bbox 447 2216 537 2281; x_wconf 86' lang='lat' dir='ltr'><strong>novit</strong></span> <span class='ocrx_word' id='word_1_69' title='bbox 565 2216 671 2299; x_wconf 86' lang='lat' dir='ltr'><strong>Deus,</strong></span> <span class='ocrx_word' id='word_1_70' title='bbox 706 2216 786 2282; x_wconf 90' lang='lat' dir='ltr'><strong>illud</strong></span> <span class='ocrx_word' id='word_1_71' title='bbox 817 2215 851 2280; x_wconf 92' lang='lat' dir='ltr'><strong>in</strong></span> <span class='ocrx_word' id='word_1_72' title='bbox 883 2215 1002 2315; x_wconf 75' lang='lat' dir='ltr'><strong>Anglia</strong></span> <span class='ocrx_word' id='word_1_73' title='bbox 1033 2222 1165 2300; x_wconf 83' lang='lat' dir='ltr'><strong>rogatus</strong></span> 
     </span>
     <span class='ocr_line' id='line_1_12' title="bbox 206 2299 1164 2385; baseline -0.001 -20"><span class='ocrx_word' id='word_1_74' title='bbox 206 2299 313 2384; x_wconf 84' lang='lat' dir='ltr'><strong>meepi</strong></span> <span class='ocrx_word' id='word_1_75' title='bbox 339 2306 372 2364; x_wconf 88' lang='lat' dir='ltr'><strong>et</strong></span> <span class='ocrx_word' id='word_1_76' title='bbox 398 2299 433 2364; x_wconf 94' lang='lat' dir='ltr'><strong>in</strong></span> <span class='ocrx_word' id='word_1_77' title='bbox 455 2299 612 2384; x_wconf 77' lang='lat' dir='ltr'><strong>Capuana</strong></span> <span class='ocrx_word' id='word_1_78' title='bbox 639 2301 808 2385; x_wconf 79' lang='lat' dir='ltr'><strong>provincia</strong></span> <span class='ocrx_word' id='word_1_79' title='bbox 825 2308 1020 2384; x_wconf 71' lang='lat' dir='ltr'><strong>peregrinus</strong></span> <span class='ocrx_word' id='word_1_80' title='bbox 1035 2300 1164 2385; x_wconf 74' lang='lat' dir='ltr'><strong>pariesi.</strong></span> 
     </span>
     <span class='ocr_line' id='line_1_13' title="bbox 207 2383 1166 2486; baseline 0 -36"><span class='ocrx_word' id='word_1_81' title='bbox 207 2384 302 2463; x_wconf 85' lang='lat' dir='ltr'><strong>Quod</strong></span> <span class='ocrx_word' id='word_1_82' title='bbox 322 2383 498 2450; x_wconf 84' lang='lat' dir='ltr'><strong>seeundum</strong></span> <span class='ocrx_word' id='word_1_83' title='bbox 518 2385 685 2452; x_wconf 89' lang='lat' dir='ltr'><strong>materiam</strong></span> <span class='ocrx_word' id='word_1_84' title='bbox 709 2385 751 2451; x_wconf 90' lang='lat' dir='ltr'><strong>de</strong></span> <span class='ocrx_word' id='word_1_85' title='bbox 772 2405 835 2471; x_wconf 90' lang='lat' dir='ltr'><strong>qua</strong></span> <span class='ocrx_word' id='word_1_86' title='bbox 856 2383 977 2450; x_wconf 89' lang='lat' dir='ltr'><strong>editum</strong></span> <span class='ocrx_word' id='word_1_87' title='bbox 998 2392 1056 2486; x_wconf 60' lang='lat' dir='ltr'><strong>est2</strong></span> <span class='ocrx_word' id='word_1_88' title='bbox 1080 2385 1166 2452; x_wconf 85' lang='lat' dir='ltr'><strong>OUR</strong></span> 
     </span>
     <span class='ocr_line' id='line_1_14' title="bbox 207 2467 1165 2537; baseline 0.002 -5"><span class='ocrx_word' id='word_1_89' title='bbox 207 2467 321 2536; x_wconf 77' lang='lat' dir='ltr'><strong>DllUS</strong></span> <span class='ocrx_word' id='word_1_90' title='bbox 343 2469 466 2535; x_wconf 89' lang='lat' dir='ltr'><strong>HOMO</strong></span> <span class='ocrx_word' id='word_1_91' title='bbox 489 2469 650 2536; x_wconf 85' lang='lat' dir='ltr'><strong>nominavi</strong></span> <span class='ocrx_word' id='word_1_92' title='bbox 672 2470 758 2537; x_wconf 89' lang='lat' dir='ltr'><strong>etin</strong></span> <span class='ocrx_word' id='word_1_93' title='bbox 783 2470 863 2536; x_wconf 90' lang='lat' dir='ltr'><strong>duos</strong></span> <span class='ocrx_word' id='word_1_94' title='bbox 882 2470 1008 2536; x_wconf 91' lang='lat' dir='ltr'><strong>libellos</strong></span> <span class='ocrx_word' id='word_1_95' title='bbox 1024 2470 1165 2536; x_wconf 87' lang='lat' dir='ltr'><strong>d1stinxi.</strong></span> 
     </span>
     <span class='ocr_line' id='line_1_15' title="bbox 209 2549 1165 2640; baseline 0.003 -22"><span class='ocrx_word' id='word_1_96' title='bbox 209 2549 349 2628; x_wconf 80' lang='lat' dir='ltr'><strong>Quorum</strong></span> <span class='ocrx_word' id='word_1_97' title='bbox 399 2553 463 2619; x_wconf 88' lang='lat' dir='ltr'><strong>rior</strong></span> <span class='ocrx_word' id='word_1_98' title='bbox 493 2555 623 2637; x_wconf 89' lang='lat' dir='ltr'><strong>quidem</strong></span> <span class='ocrx_word' id='word_1_99' title='bbox 650 2554 826 2621; x_wconf 91' lang='lat' dir='ltr'><strong>infidelium</strong></span> <span class='ocrx_word' id='word_1_100' title='bbox 846 2555 1064 2640; x_wconf 84' lang='lat' dir='ltr'><strong>respuentium</strong></span> <span class='ocrx_word' id='word_1_101' title='bbox 1085 2556 1165 2621; x_wconf 81' lang='lat' dir='ltr'><strong>elui-</strong></span> 
     </span>
     <span class='ocr_line' id='line_1_16' title="bbox 209 2575 1166 2726; baseline 0.009 -28"><span class='ocrx_word' id='word_1_102' title='bbox 209 2637 345 2705; x_wconf 90' lang='lat' dir='ltr'><strong>stianam</strong></span> <span class='ocrx_word' id='word_1_103' title='bbox 363 2575 473 2724; x_wconf 74' lang='lat' dir='ltr'><strong>ddem,</strong></span> <span class='ocrx_word' id='word_1_104' title='bbox 496 2639 572 2722; x_wconf 88' lang='lat' dir='ltr'><strong>quia</strong></span> <span class='ocrx_word' id='word_1_105' title='bbox 592 2639 709 2706; x_wconf 88' lang='lat' dir='ltr'><strong>rationi</strong></span> <span class='ocrx_word' id='word_1_106' title='bbox 729 2648 844 2726; x_wconf 84' lang='lat' dir='ltr'><strong>putant</strong></span> <span class='ocrx_word' id='word_1_107' title='bbox 863 2640 953 2706; x_wconf 87' lang='lat' dir='ltr'><strong>illam</strong></span> <span class='ocrx_word' id='word_1_108' title='bbox 974 2661 1166 2726; x_wconf 85' lang='lat' dir='ltr'><strong>repugnare,</strong></span> 
     </span>
     <span class='ocr_line' id='line_1_17' title="bbox 209 2723 1166 2810; baseline 0.004 -24"><span class='ocrx_word' id='word_1_109' title='bbox 209 2723 348 2790; x_wconf 81' lang='lat' dir='ltr'><strong>eontinet</strong></span> <span class='ocrx_word' id='word_1_110' title='bbox 383 2723 578 2791; x_wconf 81' lang='lat' dir='ltr'><strong>abiectiones</strong></span> <span class='ocrx_word' id='word_1_111' title='bbox 613 2733 646 2792; x_wconf 89' lang='lat' dir='ltr'><strong>et</strong></span> <span class='ocrx_word' id='word_1_112' title='bbox 681 2725 824 2792; x_wconf 86' lang='lat' dir='ltr'><strong>fidelium</strong></span> <span class='ocrx_word' id='word_1_113' title='bbox 855 2727 1095 2810; x_wconf 61' lang='lat' dir='ltr'><strong>responsionem</strong></span> <span class='ocrx_word' id='word_1_114' title='bbox 1126 2744 1166 2790; x_wconf 88' lang='lat' dir='ltr'><strong>ae</strong></span> 
     </span>
     <span class='ocr_line' id='line_1_18' title="bbox 208 2806 1166 2895; baseline 0.005 -26"><span class='ocrx_word' id='word_1_115' title='bbox 208 2806 337 2873; x_wconf 86' lang='lat' dir='ltr'><strong>tandem</strong></span> <span class='ocrx_word' id='word_1_116' title='bbox 358 2816 479 2875; x_wconf 86' lang='lat' dir='ltr'><strong>remoto</strong></span> <span class='ocrx_word' id='word_1_117' title='bbox 505 2809 632 2876; x_wconf 82' lang='lat' dir='ltr'><strong>Christo</strong></span> <span class='ocrx_word' id='word_1_118' title='bbox 657 2849 700 2856; x_wconf 98' lang='lat'><strong>—</strong></span> <span class='ocrx_word' id='word_1_119' title='bbox 728 2810 822 2894; x_wconf 88' lang='lat' dir='ltr'><strong>quasi</strong></span> <span class='ocrx_word' id='word_1_120' title='bbox 849 2831 1021 2895; x_wconf 88' lang='lat' dir='ltr'><strong>numquam</strong></span> <span class='ocrx_word' id='word_1_121' title='bbox 1043 2810 1166 2893; x_wconf 87' lang='lat' dir='ltr'><strong>aliquid</strong></span> 
     </span>
     <span class='ocr_line' id='line_1_19' title="bbox 207 2887 1165 2988; baseline 0.006 -34"><span class='ocrx_word' id='word_1_122' title='bbox 207 2887 302 2988; x_wconf 67' lang='lat' dir='ltr'><strong>inerit</strong></span> <span class='ocrx_word' id='word_1_123' title='bbox 323 2892 363 2960; x_wconf 85' lang='lat' dir='ltr'><strong>da</strong></span> <span class='ocrx_word' id='word_1_124' title='bbox 385 2893 441 2960; x_wconf 88' lang='lat' dir='ltr'><strong>illo</strong></span> <span class='ocrx_word' id='word_1_125' title='bbox 463 2931 504 2940; x_wconf 87' lang='lat'><strong>—-</strong></span> <span class='ocrx_word' id='word_1_126' title='bbox 525 2895 641 2980; x_wconf 89' lang='lat' dir='ltr'><strong>probat</strong></span> <span class='ocrx_word' id='word_1_127' title='bbox 661 2895 837 2962; x_wconf 85' lang='lat' dir='ltr'><strong>rationibus</strong></span> <span class='ocrx_word' id='word_1_128' title='bbox 859 2895 1065 2979; x_wconf 77' lang='lat' dir='ltr'><strong>necessariis,</strong></span> <span class='ocrx_word' id='word_1_129' title='bbox 1092 2914 1165 2962; x_wconf 91' lang='lat' dir='ltr'><strong>esse</strong></span> 
     </span>
     <span class='ocr_line' id='line_1_20' title="bbox 207 2979 1165 3060; baseline 0.005 -21"><span class='ocrx_word' id='word_1_130' title='bbox 207 2979 405 3060; x_wconf 74' lang='lat' dir='ltr'><strong>impossibile</strong></span> <span class='ocrx_word' id='word_1_131' title='bbox 432 2979 532 3045; x_wconf 95' lang='lat' dir='ltr'><strong>ullum</strong></span> <span class='ocrx_word' id='word_1_132' title='bbox 564 2979 725 3046; x_wconf 87' lang='lat' dir='ltr'><strong>hominem</strong></span> <span class='ocrx_word' id='word_1_133' title='bbox 759 2981 879 3047; x_wconf 88' lang='lat' dir='ltr'><strong>salvari</strong></span> <span class='ocrx_word' id='word_1_134' title='bbox 908 2980 978 3047; x_wconf 90' lang='lat' dir='ltr'><strong>sine</strong></span> <span class='ocrx_word' id='word_1_135' title='bbox 1007 2980 1071 3044; x_wconf 88' lang='lat' dir='ltr'><strong>illo.</strong></span> <span class='ocrx_word' id='word_1_136' title='bbox 1125 2980 1165 3045; x_wconf 94' lang='lat' dir='ltr'><strong>In</strong></span> 
     </span>
     <span class='ocr_line' id='line_1_21' title="bbox 207 3062 1165 3151; baseline 0.004 -26"><span class='ocrx_word' id='word_1_137' title='bbox 207 3062 348 3128; x_wconf 85' lang='lat' dir='ltr'><strong>seeundo</strong></span> <span class='ocrx_word' id='word_1_138' title='bbox 377 3070 484 3131; x_wconf 85' lang='lat' dir='ltr'><strong>autam</strong></span> <span class='ocrx_word' id='word_1_139' title='bbox 513 3065 593 3132; x_wconf 85' lang='lat' dir='ltr'><strong>libre</strong></span> <span class='ocrx_word' id='word_1_140' title='bbox 622 3065 783 3151; x_wconf 85' lang='lat' dir='ltr'><strong>similiter,</strong></span> <span class='ocrx_word' id='word_1_141' title='bbox 817 3065 910 3149; x_wconf 90' lang='lat' dir='ltr'><strong>quasi</strong></span> <span class='ocrx_word' id='word_1_142' title='bbox 939 3063 1019 3130; x_wconf 91' lang='lat' dir='ltr'><strong>nihil</strong></span> <span class='ocrx_word' id='word_1_143' title='bbox 1045 3063 1165 3131; x_wconf 81' lang='lat' dir='ltr'><strong>sciatur</strong></span> 
     </span>
     <span class='ocr_line' id='line_1_22' title="bbox 207 3143 1164 3234; baseline 0.004 -23"><span class='ocrx_word' id='word_1_144' title='bbox 207 3143 249 3212; x_wconf 93' lang='lat' dir='ltr'><strong>de</strong></span> <span class='ocrx_word' id='word_1_145' title='bbox 277 3145 416 3234; x_wconf 83' lang='lat' dir='ltr'><strong>Christo,</strong></span> <span class='ocrx_word' id='word_1_146' title='bbox 450 3156 645 3216; x_wconf 88' lang='lat' dir='ltr'><strong>monstratur</strong></span> <span class='ocrx_word' id='word_1_147' title='bbox 673 3171 737 3216; x_wconf 92' lang='lat' dir='ltr'><strong>non</strong></span> <span class='ocrx_word' id='word_1_148' title='bbox 767 3151 872 3216; x_wconf 91' lang='lat' dir='ltr'><strong>minus</strong></span> <span class='ocrx_word' id='word_1_149' title='bbox 899 3156 1014 3234; x_wconf 86' lang='lat' dir='ltr'><strong>aperta</strong></span> <span class='ocrx_word' id='word_1_150' title='bbox 1039 3150 1164 3216; x_wconf 87' lang='lat' dir='ltr'><strong>ratione</strong></span> 
     </span>
     <span class='ocr_line' id='line_1_23' title="bbox 207 3231 1165 3316; baseline 0.002 -18"><span class='ocrx_word' id='word_1_151' title='bbox 207 3237 240 3298; x_wconf 87' lang='lat' dir='ltr'><strong>et</strong></span> <span class='ocrx_word' id='word_1_152' title='bbox 267 3231 419 3316; x_wconf 83' lang='lat' dir='ltr'><strong>veritate,</strong></span> <span class='ocrx_word' id='word_1_153' title='bbox 450 3241 598 3301; x_wconf 89' lang='lat' dir='ltr'><strong>naturam</strong></span> <span class='ocrx_word' id='word_1_154' title='bbox 628 3235 800 3301; x_wconf 88' lang='lat' dir='ltr'><strong>humanam</strong></span> <span class='ocrx_word' id='word_1_155' title='bbox 829 3235 872 3301; x_wconf 91' lang='lat' dir='ltr'><strong>ad</strong></span> <span class='ocrx_word' id='word_1_156' title='bbox 898 3234 960 3301; x_wconf 81' lang='lat' dir='ltr'><strong>hoa</strong></span> <span class='ocrx_word' id='word_1_157' title='bbox 985 3234 1165 3302; x_wconf 87' lang='lat' dir='ltr'><strong>institutam</strong></span> 
     </span>
     <span class='ocr_line' id='line_1_24' title="bbox 206 3319 1164 3405; baseline 0 -21"><span class='ocrx_word' id='word_1_158' title='bbox 206 3336 293 3404; x_wconf 85' lang='lat' dir='ltr'><strong>esse,</strong></span> <span class='ocrx_word' id='word_1_159' title='bbox 323 3323 359 3382; x_wconf 91' lang='lat' dir='ltr'><strong>ut</strong></span> <span class='ocrx_word' id='word_1_160' title='bbox 387 3319 559 3405; x_wconf 85' lang='lat' dir='ltr'><strong>aliquando</strong></span> <span class='ocrx_word' id='word_1_161' title='bbox 583 3320 820 3388; x_wconf 86' lang='lat' dir='ltr'><strong>immortalitate</strong></span> <span class='ocrx_word' id='word_1_162' title='bbox 845 3320 944 3387; x_wconf 86' lang='lat' dir='ltr'><strong>beata</strong></span> <span class='ocrx_word' id='word_1_163' title='bbox 962 3326 1049 3388; x_wconf 85' lang='lat' dir='ltr'><strong>totus</strong></span> <span class='ocrx_word' id='word_1_164' title='bbox 1070 3320 1164 3385; x_wconf 86' lang='lat' dir='ltr'><strong>homo</strong></span> 
     </span>
    </p>
   </div>
   <div class='ocr_carea' id='block_1_5' title="bbox 0 0 1327 3818">
    <p class='ocr_par' dir='ltr' id='par_1_5' title="bbox 0 0 1327 3818">
     <span class='ocr_line' id='line_1_25' title="bbox 0 0 1327 3818; baseline 0 0"><span class='ocrx_word' id='word_1_165' title='bbox 0 0 1327 3818; x_wconf 95' lang='lat' dir='ltr'><strong> </strong></span> 
     </span>
    </p>
   </div>
  </div>
 </body>
</html>
