2638 3818
205 289 249 361 32
384 283 413 342 s.
431 283 602 346 ausam
619 277 924 349 secundamus

205 471 273 514 vera
288 453 343 512 suit
359 455 429 514 tides
448 457 521 526 eius,
537 470 651 510 necesso
668 457 728 509 erat
744 452 786 510 ite
802 443 927 511 furnum
942 468 1017 522 csse,
1035 454 1110 510 sicut

207 540 333 600 credidit
370 541 451 608 Quod
475 542 499 596 si
522 547 551 596 te
573 539 673 594 iterum
696 538 857 610 perturbat,
881 537 947 610 quic
963 537 1037 607 dico,
1061 554 1109 594 ne·

207 644 286 684 cesse
313 634 386 700 erat3
416 631 565 692 memento,
594 622 662 694 quia
686 622 789 678 veritas
818 623 885 680 fidei
907 622 1029 695 Virginis
1052 639 1109 678 non

207 711 263 770 fuit
279 730 365 770 causa
383 717 415 768 ut
438 711 485 766 iile
508 713 607 782 sponte
623 714 788 780 moreretur,
813 710 863 766 sed
882 710 949 780 quia
966 708 1018 766 hoc
1034 708 1108 762 futu·

155 794 188 846 21
206 817 269 855 rum
287 804 361 866 erat,
382 813 449 852 vera
471 794 526 850 fuit
549 793 627 848 fides.
664 792 850 860 Quamobrem
875 794 900 848 si
924 793 1039 864 dicitur,
1062 809 1109 848 ne·

207 901 284 942 cesse
309 888 369 940 crat
391 887 424 936 ut
443 879 586 934 voluntate
612 877 672 934 sola
693 885 857 947 moreretur,
883 879 950 950 quia
971 896 1037 937 vera
1056 877 1111 936 fuit

206 969 275 1026 fides
294 969 352 1022 sive
370 963 518 1036 prophetia
534 980 605 1036 quae
622 965 657 1022 de
674 963 727 1020 hoc
745 969 969 1036 praecesserant,
993 983 1051 1020 non
1070 967 1112 1020 est
1206 1021 1209 1028 s
1302 1017 1303 1026 ,

167 1099 170 1107 i
207 1053 285 1110 aliud
308 1068 392 1122 quam
415 1050 440 1104 si
466 1048 556 1122 dicas,
588 1067 701 1107 necesse
729 1049 815 1105 fuisse
835 1049 878 1128 ita
900 1049 1026 1106 futurum
1043 1067 1112 1118 esse,
1149 1098 1153 1106 ,

207 1135 337 1210 quoniam
355 1136 396 1190 sie
423 1136 549 1192 futurum
573 1142 646 1206 erat3
668 1135 827 1192 huiusmodi
851 1141 945 1192 autem
961 1135 1113 1192 necessitas

166 1271 170 1278 .
205 1240 262 1277 non
281 1211 361 1294 cogit
376 1239 434 1277 rem
454 1239 523 1294 esse,
545 1223 674 1296 sedlesse
690 1222 732 1278 rei
747 1221 817 1278 facit
835 1221 1027 1278 necessitatem
1044 1237 1113 1277 ease.

155 1301 190 1354 ²2
205 1305 256 1362 Est
280 1325 401 1380 namque
424 1308 575 1364 necessitas
601 1299 783 1380 praecedens,
809 1324 881 1379 quae
907 1323 993 1362 causa
1015 1312 1058 1362 cst
1081 1311 1116 1360 ut

207 1391 244 1448 sit
261 1409 322 1463 res;
341 1399 368 1448 et
386 1399 428 1465 est
446 1391 598 1448 necessitas
618 1410 745 1464 sequens,
765 1410 850 1465 quarn
866 1410 911 1448 res
924 1391 998 1446 facit
1028 1391 1113 1446 Prae·

207 1478 308 1533 cedens
331 1484 360 1533 et
384 1476 507 1534 efficiens
530 1475 681 1533 necessitas
710 1483 764 1549 est,
790 1496 854 1536 cum
879 1478 980 1534 dicitnr
1004 1477 1114 1533 coelum

205 1559 296 1632 volvi,
325 1562 392 1633 quia
418 1579 530 1620 necesse
559 1567 602 1618 est
626 1568 659 1618 ut
684 1562 820 1620 volvatur.
857 1563 980 1636 Sequens
1000 1567 1114 1620 verost

206 1640 279 1719 quae
297 1647 367 1704 nihil
388 1647 475 1705 efficit
493 1649 543 1704 sed
560 1647 600 1718 fit,
617 1651 752 1728 est',„cum
769 1639 832 1705 dico
851 1655 879 1706 te
896 1667 931 1705 ex
949 1647 1114 1705 necessitate

156 1727 190 1780 ²3
206 1733 297 1806 loqui,
328 1734 394 1806 quia
419 1733 549 1807 loqueris.
595 1731 667 1790 Cum
700 1733 773 1790 enim
800 1733 853 1790 hoc
878 1736 955 1806 dico,
986 1732 1115 1806 significo

206 1819 277 1875 nihil
301 1820 395 1877 facere
419 1835 515 1891 posse,
539 1823 571 1872 ut
596 1817 664 1872 dum
684 1817 805 1890 loqueris
823 1836 879 1874 non
896 1819 1031 1892 loquaris„
1056 1836 1114 1874 non

208 1906 283 1978 quod
300 1905 373 1960 alius
389 1911 419 1960 te
442 1911 526 1976 cogat
549 1901 586 1958 ad
607 1904 785 1975 loquendum.
823 1904 897 1960 Nam
916 1905 1049 1962 violentia
1064 1897 1113 1960 na·

206 1991 305 2046 turalis
324 1990 491 2046 conditionis
509 1989 585 2062 cogit
602 1989 712 2044 coelum
728 1987 817 2062 volsi3
841 1995 871 2045 te
888 1991 1048 2047 veronulla
1064 2007 1113 2044 ne·
1212 1990 1215 1999 ’

157 2071 191 2123 ²4
208 2075 321 2132 cessitas
340 2074 411 2130 facit
430 2073 515 2146 loqui.
551 2071 607 2130 Sed
630 2073 790 2146 ubicunque
815 2081 857 2132 est
880 2078 1048 2148 praecedens
1065 2093 1112 2130 ne-

208 2160 337 2228 cessitas,
364 2166 406 2215 est
436 2166 464 2216 et
489 2178 620 2232 sequens3
648 2178 705 2216 non
730 2164 824 2216 autem
854 2160 903 2218 ubi
930 2179 1049 2233 sequens
1073 2161 1113 2216 ibi

191 2243 302 2302 statim
320 2249 348 2298 et
363 2244 540 2315 praecedens.
570 2243 721 2300 Possumus
742 2262 862 2318 namque
881 2247 981 2318 dicere,
999 2261 1113 2308 necesse

168 2325 179 2343 ‘'
209 2333 252 2383 c'st
275 2326 384 2382 coelum
406 2329 494 2401 volvi,
522 2329 588 2402 quia
609 2329 744 2402 volvitur3
769 2332 821 2390 sed
844 2350 900 2388 non
922 2332 1046 2388 similiter
1070 2337 1113 2387 est

207 2429 311 2482 verum,
335 2413 438 2472 idcirco
462 2421 490 2470 te
513 2414 602 2487 loqui,
630 2417 697 2486 quia
721 2433 834 2472 necesse
859 2425 902 2474 est
925 2424 957 2472 ut
983 2415 1116 2487 loquaris,

156 2489 189 2540 25
208 2497 268 2552 Ista
294 2517 412 2572 sequens
438 2501 588 2556 necessitas
616 2501 703 2554 currit
723 2521 774 2572 per
797 2505 889 2558 omnia
910 2510 1036 2572 tempora
1058 2501 1112 2556 hoc

209 2584 308 2639 modo:
334 2584 476 2658 Quidquid
493 2587 556 2658 fuit,
582 2603 700 2660 necesse·
714 2594 756 2642 est
773 2587 868 2645 fuisse.
902 2585 1045 2658 Quidquid
1062 2593 1112 2656 est,

208 2686 322 2727 necesse
348 2675 391 2725 est
416 2688 484 2728 esse.
531 2671 674 2744 Quidquid
701 2672 827 2729 futurum
852 2680 905 2742 est,
931 2689 1043 2728 necesse
1070 2677 1113 2729 est

155 2754 191 2808 26
208 2756 333 2812 futurum
362 2756 455 2812 fuisse.
499 2755 578 2814 Haec
607 2765 650 2813 est
680 2759 729 2814 illa
756 2760 919 2828 necessitas,
950 2775 1022 2829 quae
1053 2758 1112 2826 (ubi

209 2848 312 2897 tractat
333 2841 524 2910 Aristoteles¹)
552 2841 586 2898 de
613 2846 847 2914 propositionibus
871 2843 1059 2916 singudaribus
1084 2848 1112 2899 et

181 3000 184 3013 Ι
209 2926 321 2996 staturis)
347 2927 457 2983 videtur
480 2927 643 3008 utrumlibet
669 2931 809 2987 destruere
834 2936 862 2986 et
884 2931 977 2986 omnia
994 2945 1053 2985 esse
1078 2946 1111 2985 ex

279 3135 304 3202 1)
334 3133 500 3188 Aratorem
529 3137 593 3207 περὶ
625 3135 772 3208 ἑρμηνείας
797 3149 821 3189 c.
849 3140 882 3190 9:
917 3133 1018 3205 „oridia
1049 3131 1112 3187 οὔτε

208 3199 283 3256 ἔστιν
301 3199 365 3257 οὔτε
390 3209 496 3274 γίνεται
521 3201 584 3258 οὔτε
607 3201 663 3258 ἀπὸ
686 3201 768 3273 τύχης
789 3201 852 3258 ods’
876 3203 985 3279 ὁπότερ’
1009 3204 1114 3274 ἔτυχεν,

209 3267 277 3324 οὐδὲ
300 3271 376 3325 ἔσται
398 3271 415 3340 ἢ
436 3273 486 3326 οὐκ
509 3273 599 3339 ἔσται,
624 3270 685 3326 ἀλλ’
703 3275 737 3334 ἐξ
757 3271 910 3346 ἀνάγκης
931 3273 1043 3330 ἅπαντα
1065 3274 1113 3326 καὶ

208 3336 260 3409 οὐχ
277 3337 385 3414 ὁπότερ’
404 3341 525 3413 ἔτυχεν.“
799 3364 802 3368 ·
