2638 3818
364 321 440 382 ciis
456 321 559 380 DEUS
574 317 692 377 Homo.
725 313 766 376 Π.
789 325 827 376 14.
845 323 886 376 ti.
991 321 993 325 '
1051 320 1091 387 71
1135 338 1138 345 ·

266 565 335 651 15.
385 597 453 651 Bes.
471 593 517 648 Ita
534 597 593 648 esse
611 593 646 649 de
662 594 789 649 omnibus
805 593 927 664 peccatis
945 609 1016 665 quae
1031 609 1092 664 per·
1111 602 1123 652 1
1190 634 1194 642 .

190 699 286 739 sonam
304 680 360 738 Dei
378 682 580 750 nonttangnnt,
602 683 717 734 constat.
754 678 809 735 Sed
828 694 903 732 nunc
919 676 999 735 video
1016 675 1092 733 aliud

146 812 150 820 ,
189 767 386 842 quaerendum.
420 763 493 822 Nam
522 764 545 818 si
577 769 636 819 tam
663 765 768 819 malum
800 767 843 820 est
870 779 932 818 enm
960 761 1093 834 occidere,

189 868 273 928 quam
290 853 364 907 bone
381 856 423 906 est
441 848 499 904 vita
514 849 587 919 eius3
616 849 754 919 quomodo
771 855 863 921 potest
879 867 952 904 mors
971 848 1030 904 eius
1048 865 1093 903 su·

188 955 287 1013 parare
312 938 346 992 et'
364 933 455 992 delere
476 940 594 1005 peccata
617 951 725 1006 eorum,
755 935 804 1007 qui
827 952 889 991 eum
914 933 1092 990 occidemnt?

188 1025 250 1078 Aut
277 1021 300 1075 si
324 1021 439 1076 alienius
470 1037 564 1076 eorum
591 1026 737 1091 peccatum
763 1021 850 1091 delet,
883 1021 1021 1093 quomodo
1038 1025 1126 1077 noni

189 1113 282 1179 potest
303 1106 418 1162 aiiornm
442 1122 552 1177 qnoque
576 1105 718 1160 hominum
741 1106 855 1177 aliquod
878 1106 989 1162 delere?
1028 1105 1093 1162 Cre·

190 1192 285 1247 dimus
306 1192 392 1261 enirn,
416 1192 481 1264 quia
501 1197 529 1247 et
550 1189 629 1245 multi
648 1207 681 1246 ex
698 1189 752 1246 illis
771 1190 869 1246 salvati
888 1197 952 1246 sunt
970 1198 999 1246 et
1015 1193 1094 1247 innn-

190 1278 335 1334 merabiles
355 1277 402 1332 alii
425 1294 482 1332 non
507 1267 657 1331 sairantm.
694 1278 763 1330 Ans.
798 1275 880 1330 Hanc
904 1276 1128 1348 quaestionem

190 1365 272 1420 solvit
290 1363 443 1436 apostolus,
469 1362 517 1435 qui
540 1361 623 1432 dixit,
651 1359 716 1432 quia
740 1362 767 1414 ei
788 1363 998 1432 cmmemores,
1024 1380 1093 1415 oen-

191 1467 274 1520 quam
297 1451 449 1504 Dominum
472 1447 582 1516 pieriae
606 1447 812 1515 eroofleisssot.
822 1449 843 1513 ¹)
880 1445 1002 1502 Tantum
1017 1459 1130 1510 nam-4
1170 1480 1172 1484 -

192 1552 247 1608 que
280 1535 411 1591 differunt
435 1531 554 1586 scienter
582 1531 688 1587 factum
715 1539 862 1604 peceatum
889 1540 917 1588 et
944 1533 1019 1606 quod
1045 1548 1095 1603 per

191 1619 373 1691 ignorantiam
397 1618 442 1683 iit,
467 1624 499 1673 ut
526 1619 629 1672 malum
653 1616 727 1687 quod
748 1634 891 1690 nunquam
912 1618 1004 1674 facere
1032 1635 1095 1688 pos·
1197 1682 1203 1696 .

192 1711 252 1760 sent
268 1721 318 1775 pro
334 1703 478 1758 nimietate
494 1717 546 1756 ena
564 1701 589 1756 si
606 1709 826 1772 cognosceretur,
841 1703 949 1758 veniale
967 1703 1010 1772 sit,
1029 1703 1096 1774 quia

190 1789 349 1862 ignoranter
380 1787 486 1843 factum
516 1792 564 1843 est
614 1787 706 1842 Deum
739 1788 812 1842 enim
845 1787 971 1842 occidam
1001 1786 1130 1842 nullns5

190 1877 271 1931 homo
290 1889 414 1946 unquam
439 1871 557 1927 scienter
573 1871 671 1927 saltem
689 1872 760 1927 velle
781 1877 891 1943 possete
916 1877 944 1928 et
965 1871 1028 1928 ideo
1048 1873 1095 1944 qui

188 1961 267 2016 illum
298 1959 459 2035 occiderunt
487 1957 688 2029 ignorantsr‚²)
723 1975 779 2014 non
806 1957 836 2012 in
861 1957 932 2011 illud
957 1957 1096 2012 infinitum

187 2053 344 2119 peccatum,
361 2044 406 2098 cui
423 2044 502 2098 nulla
519 2041 575 2098 alia
592 2045 745 2115 comparari
761 2049 878 2115 possunt
890 2050 1014 2114 peecata,
1033 2060 1096 2114 pro-

188 2135 312 2188 ruerunt.
355 2127 429 2186 Nam
454 2145 510 2183 non
534 2128 767 2186 consideravimus
793 2129 852 2186 eius
874 2116 1131 2202 mag'nitudinemss

190 2216 227 2270 ad
243 2213 411 2283 videndum,
430 2231 513 2285 quam
530 2213 605 2269 bona
622 2223 694 2272 esset
710 2217 769 2271 vita
788 2214 853 2280 illa,
877 2215 1029 2271 seeundum
1044 2215 1097 2270 hoc

190 2300 266 2374 quod
292 2299 462 2371 ignoranter.
479 2299 584 2354 fectum
607 2305 662 2368 est,
693 2301 742 2356 sed
768 2301 847 2372 quasi
871 2301 990 2356 scienter
1010 2299 1096 2368 fieret,

191 2385 267 2458 quon
284 2400 337 2441 nae
355 2401 479 2457 unquam
501 2385 569 2442 fecit
591 2386 691 2457 aliquis
714 2403 766 2440 nec
783 2385 875 2441 facere
893 2385 993 2453 potuit
1028 2383 1096 2440 Bos.
1115 2387 1130 2439 7

190 2469 403 2526 Rationabiliter
434 2471 624 2528 interemtores
652 2471 754 2527 Christi
784 2471 821 2526 ari
850 2469 960 2526 venism
989 2470 1098 2542 peccati

192 2555 238 2612 sui
253 2557 412 2628 pertingere
428 2557 552 2628 potuisse
570 2556 737 2612 monstrasti.
766 2557 834 2610 Aes.
853 2555 926 2620 Quid
946 2555 1001 2610 iam
1013 2571 1097 2628 quse·
1114 2563 1130 2614 8

180 2643 230 2698 ‘ris
248 2641 385 2713 amplius?
420 2640 494 2698 Ecce
513 2641 681 2712 iam'vides‚
707 2635 843 2714 quomodo
861 2639 1034 2698 rationabilis
1050 2658 1097 2697 ne·

192 2727 306 2785 cessitas
334 2729 463 2784 ostendet
480 2743 513 2784 ex
532 2725 688 2783 hominibus
711 2725 908 2800 perficiendam
926 2745 985 2784 esse
1004 2743 1096 2798 super·

118 2881 121 2898 ¹
192 2813 429 2885 sancientem,
453 2827 505 2870 nec
527 2813 581 2868 hoc
597 2829 678 2884 posse
695 2811 756 2868 fleri
772 2813 826 2868 nisi
843 2831 894 2884 per
910 2811 1097 2869 remissionem

192 2905 384 2972 peecatorum,
412 2916 496 2974 qnam
518 2900 600 2954 homo
618 2897 712 2974 nullus
730 2897 834 2954 habere
855 2903 948 2969 potest
969 2895 1024 2952 nisi
1047 2912 1099 2967 per

192 2985 343 3062 hominem,
367 2987 416 3058 qni
441 2986 516 3042 idem
538 2984 598 3056 ipse
618 2983 655 3039 sit
672 2977 750 3039 De'ns
774 2991 858 3055 atque
877 2987 1032 3038 mamerto
1050 2981 1098 3038 lno-

192 3073 279 3128 mines
296 3078 457 3146 peccatores
476 3072 538 3128 Deo
562 3069 729 3126 reconciliet.
768 3070 874 3142 Aperte
891 3067 977 3139 igitur
994 3059 1133 3122 inveni-⁹
1196 3064 1198 3068 ’

263 3263 290 3398 {3
310 3257 418 3396 bigog,
437 3265 510 3399 {pasc
530 3326 630 3389 αὐτοῖς·
650 3324 689 3380 ov’
708 3323 778 3396 γὰρ
796 3325 921 3378 οἴδασι
935 3323 1092 3380 tinctorias

193 3397 264 3454 Lus.
283 3404 325 3465 23,
346 3401 386 3452 st.
407 3423 441 3434 -
458 3397 522 3450 not
541 3403 565 3466 3,
586 3401 632 3452 17:
650 3392 739 3448 κατὰ
759 3393 920 3464 spurces..
