2638 3818
399 345 477 405 clia
495 345 594 404 DEUS
609 343 727 402 HOMO.
762 341 860 402 lai-1.
1043 343 1082 412 81

183 523 258 575 ctum
277 519 330 588 est)
347 520 421 575 idem
437 517 498 590 ipse
517 517 623 591 estqui
643 515 732 574 Filius
743 517 798 574 Dei
815 513 901 586 Deus,
920 533 976 571 non
993 515 1086 588 potuit

181 619 238 658 non
253 605 323 658 mori
341 608 391 658 ant
409 603 482 661 velle
499 621 556 659 non
571 603 654 674 mori,
679 610 826 676 postquam
849 603 884 659 de
903 601 1020 674 Virgine
1038 617 1087 654 na-

182 694 228 743 tus
248 693 304 750 est3
330 704 387 743 non
404 688 574 762 significatur
592 689 622 745 in
636 689 685 745 iilo
701 691 760 744 nlla
779 689 942 762 impotentia
958 684 1088 742 servandi

184 778 234 829 aut
266 768 377 830 vblendi
415 791 524 832 servare
557 775 642 831 vitam
683 791 761 830 suam
798 774 994 842 immortalem,
1037 770 1087 826 sed

183 859 392 914 inmutabilitas
426 861 577 917 voluntatis
614 861 684 932 eiua
726 877 782 933 qua
819 878 849 915 se
887 863 985 930 sponte
1021 855 1089 912 fecit

183 945 327 1000 hominem*
356 945 392 1000 ad
426 947 480 1002 hoc
516 955 548 1003 ut
586 947 616 1002 in
651 949 747 1003 eadem
783 945 927 1001 voluntate
961 955 1088 1012 perseve-
1132 941 1137 948 '

183 1046 248 1084 rans
281 1037 446 1102 moreretur,
478 1039 506 1089 et
538 1033 604 1105 quia
636 1031 713 1087 nulla
741 1049 785 1086 res
814 1031 908 1104 potuit
937 1028 1013 1082 illam
1041 1043 1087 1081 vo

183 1115 319 1171 luntatem
346 1123 462 1173 mutare.
513 1119 580 1172 Plus
611 1117 684 1173 enim
713 1121 785 1172 esset
812 1115 976 1187 impotentia
1005 1127 1089 1184 quam
1108 1113 1141 1168 ib

185 1202 322 1272 potentia,
347 1203 371 1256 si
394 1209 489 1274 posset
510 1203 581 1259 velle
603 1202 714 1260 mentiri
731 1210 781 1259 aut
797 1204 895 1260 fallere
916 1210 966 1259 aut
981 1207 1090 1258 mutare

185 1288 371 1358 voluntatem,
399 1305 483 1361 quam
508 1291 584 1360 prius
610 1289 810 1346 immutabilem
835 1307 895 1345 esse
922 1289 1019 1344 voluit.
1053 1287 1094 1344 Et
1109 1291 1155 1342 l'l¹
1201 1279 1202 1282 ¹

187 1374 475 1447 si(quemadmodum
499 1393 585 1446 supra
595 1379 614 1441 ¹)
637 1375 706 1444 dixi)
732 1394 795 1431 cum
821 1375 921 1447 aliquis
945 1381 1042 1446 sponte
1060 1393 1092 1432 so

186 1461 316 1533 proponit
338 1461 477 1518 facturum
499 1460 604 1517 bonum
625 1463 753 1534 aliquod,
782 1469 810 1518 et
834 1461 931 1518 eadem
949 1461 1092 1516 voluntate

187 1553 286 1617 postea
309 1545 418 1618 perficit
443 1547 518 1618 quod
541 1549 700 1619 proposuit3
724 1548 850 1621 quamvis
874 1546 937 1620 cogi
958 1546 1052 1617 possit
1068 1545 1092 1600 si

186 1629 257 1686 nolit
281 1632 446 1703 promissum
468 1631 591 1703 solvere,
618 1651 673 1689 non
698 1641 793 1689 tamen
820 1633 954 1688 dicendus
981 1635 1024 1688 est
1045 1649 1092 1687 ne-

189 1716 317 1773 cessitate
342 1716 433 1776 facere
451 1718 526 1788 quod
543 1718 627 1789 facit,
650 1720 699 1773 sed
719 1737 753 1775 ea
770 1737 826 1792 qua
842 1718 988 1791 proposuit
1005 1717 1094 1772 libera
1123 1753 1126 1761 s

188 1798 346 1870 voluntate3
381 1819 438 1857 non
465 1803 538 1858 enim
567 1805 731 1860 necessitate
760 1811 808 1859 aut
838 1801 1001 1875 impotentia
1033 1800 1094 1858 fieri

188 1884 234 1938 vel
257 1902 313 1940 non
334 1885 394 1941 fieri
422 1888 477 1942 dici
503 1890 586 1946 debet
615 1889 737 1960 aliquid,
761 1889 810 1945 ubi
834 1904 926 1960 neque
944 1879 1094 1944 necessitas

189 1985 280 2042 nsque
296 1970 460 2043 impotentia
478 1974 630 2046 quidquam
653 1981 802 2047 operantur
828 1975 877 2030 sed
900 1974 1042 2043 voluntas;
1059 2001 1095 2013 -

190 2055 227 2124 si,
252 2057 379 2128 inquam,
405 2056 446 2112 ita
470 2064 513 2112 est
534 2058 564 2112 in
581 2059 705 2129 homine,
731 2061 818 2117 multo
836 2059 924 2130 magis
944 2057 1094 2113 necessitas

190 2143 239 2195 aut
270 2141 434 2213 impotentia
461 2159 638 2216 nequaquam
669 2144 854 2200 nominandae
880 2151 945 2199 sunt
972 2145 1002 2198 in
1022 2144 1095 2214 Deo,

192 2225 240 2296 qui
257 2226 325 2280 nihil
342 2228 397 2282 nisi
415 2230 489 2300 quod
507 2231 569 2285 vult
583 2231 660 2304 facit,
678 2237 707 2287 et
727 2231 805 2285 cuius
826 2231 997 2286 voluntatem
1017 2229 1095 2286 nulla

190 2309 233 2363 vis
257 2327 357 2384 cogere
380 2319 429 2368 aut
449 2315 595 2384 probibere
615 2317 699 2372 ualet.
736 2316 783 2369 Ad
798 2315 851 2370 hcc
871 2315 943 2369 enim
961 2315 1049 2369 valuit
1066 2313 1096 2374 in
1114 2315 1150 2368 ic

129 2431 131 2441 ι
191 2393 300 2452 Christo
317 2398 467 2453 diversitas
478 2407 639 2456 naturarum
658 2408 686 2456 et
702 2401 794 2456 unitas
807 2416 950 2470 personae,
967 2406 1000 2454 ut
1022 2399 1097 2472 quod

192 2497 262 2552 opus
281 2490 341 2538 erat
365 2483 427 2539 fieri
451 2486 488 2540 ad
510 2486 652 2542 hominum
678 2486 906 2542 restaurationem
930 2487 953 2539 si
975 2485 1098 2539 bumana

192 2583 249 2622 non
266 2575 361 2641 posset
375 2577 489 2641 natura,
512 2573 617 2628 faceret
639 2573 746 2642 divina,
770 2576 839 2626 etsi
859 2570 970 2624 divinae
986 2568 1098 2624 minime

192 2656 364 2726 conveniret,
390 2657 530 2712 exhiberet
548 2657 682 2726 humana3
705 2663 733 2712 et
755 2673 812 2710 non
835 2655 905 2711 alius
925 2651 1008 2727 atqu'e
1026 2653 1098 2708 alius

193 2739 243 2794 sed
261 2741 334 2797 idem
351 2743 412 2813 ipse
431 2747 517 2813 esset,
538 2744 587 2815 qui
606 2747 753 2814 utrumqne
772 2741 891 2797 existens
908 2739 1030 2811 perfecte
1047 2755 1099 2809 per

192 2825 341 2884 humanam
359 2828 477 2884 solveret
502 2829 577 2900 quod
604 2828 654 2883 illa
680 2828 816 2897 debebat,
844 2834 872 2882 et
898 2842 949 2896 per
975 2823 1098 2878 divinam

193 2920 288 2984 posset
304 2914 380 2984 quod
398 2913 569 2986 expediebat.
604 2914 734 2986 Denique
750 2913 838 2986 Virgo
860 2909 930 2983 q'uae
946 2927 996 2980 per
1015 2906 1098 2963 fidem
1118 2917 1150 2970 ia

195 3000 300 3052 munda
317 2999 393 3052 iacta
410 3008 465 3070 est,
491 3006 522 3055 ut
548 3001 583 3054 de
605 3000 653 3054 illa
669 3007 762 3071 posset
780 2997 897 3064 assumi,
915 3009 1098 3065 nequaquam

195 3084 314 3139 credidit
328 3083 408 3138 illum
427 3101 487 3140 esse
505 3085 666 3139 moriturum
690 3085 744 3139 nisi
765 3084 831 3155 quia
847 3081 943 3148 vellet,
967 3079 1099 3155 quemad·
1181 3129 1183 3136 ,

195 3171 307 3227 modum
329 3185 380 3239 per
400 3170 577 3241 prophetam,
602 3170 650 3240 qui
674 3171 708 3226 dc
724 3169 772 3222 illo
792 3167 874 3221 dixit:
904 3164 1030 3234 „oblatus
1049 3171 1099 3233 cst,

195 3257 262 3326 quia
291 3257 351 3326 ipse
381 3255 531 3325 voluit“,²)
562 3256 704 3310 didicerat.
767 3251 941 3322 Quapropter
971 3249 1100 3324 quoniam
1117 3250 1151 3301 ic

269 3415 293 3480 i)
314 3430 337 3468 c.
358 3419 382 3481 -5,
401 3418 415 3468 3
437 3429 477 3482 sq.
531 3414 557 3478 2)
576 3409 639 3464 isai.
659 3411 700 3475 53,
719 3411 744 3461 l.

927 3496 942 3545 6
