2638 3818
99 293 104 313 ⁸
211 298 256 364 30
394 295 422 352 S.
439 295 610 356 Ausum
629 295 936 355 CANTUARIENSIS

177 472 275 525 tuum
300 469 428 528 naturam
451 485 502 524 auu
527 474 661 538 tempore.
696 467 780 524 Unde
802 471 853 522 aut
874 465 1047 522 solummodo
1069 482 1120 534 au·

210 573 316 613 merum
343 557 465 612 nondum
492 555 630 625 integrum
653 551 812 623 perfieeret,
838 558 889 608 aut
913 553 997 607 etiam
1025 553 1048 606 ai
1070 551 1120 606 mi·

145 635 148 640 ’
210 650 357 711 nueretur,
386 641 551 696 restitueret.
604 636 634 693 si
665 643 759 691 eutem
788 627 847 694 tota
879 645 1006 694 creatura
1037 636 1119 692 simul

211 728 288 784 faeta
308 734 370 795 eet,
393 733 423 783 et
446 725 505 780 dies
523 724 564 778 illi
581 723 611 777 in
634 721 735 792 quibua
755 725 866 792 Moyses
886 724 970 777 istum
986 723 1120 776 mundum

209 831 266 870 nen
285 813 367 868 simul
384 811 489 866 suetum
514 825 574 865 esse
598 807 708 862 videtur
725 807 831 874 dicere,
856 808 937 862 aliter
956 816 1021 862 eunt
1039 808 1118 864 iutel-

210 900 330 972 ligendi,
358 913 443 968 quum
466 896 538 950 sicut
560 893 686 948 videmus
710 892 777 946 istos
789 941 791 944 .
803 893 861 947 dies
882 893 912 947 in
931 893 1033 965 quibus
1052 893 1119 948 vivi·

210 1003 290 1041 mus:
315 983 471 1055 intelligere
494 996 615 1051 nequeo,
639 978 777 1048 quomodo
799 977 868 1032 faeti
891 979 948 1034 aiut
973 979 1067 1050 angeli
1091 979 1120 1033 iu

178 1071 260 1126 tillo
278 1070 402 1140 perfeeto
420 1083 542 1123 numero.
572 1064 682 1134 Quippe
706 1065 730 1118 ei
749 1064 788 1118 itu
805 1069 891 1131 esset,
917 1064 1028 1118 videtur
1046 1064 1120 1133 mihi,
1190 1102 1193 1109 -

212 1155 280 1227 quia
298 1172 331 1210 ex
349 1155 515 1210 necessitate
533 1157 582 1207 aut
606 1148 693 1218 aliqui
710 1148 834 1204 homines
855 1150 899 1204 vel
916 1150 1010 1220 angeli
1029 1148 1120 1204 casuri

212 1246 306 1309 erant,
330 1247 380 1295 aut
402 1242 496 1311 plures
523 1243 614 1292 essent
639 1234 669 1288 in
690 1232 740 1288 ille
756 1233 870 1290 coelesti
887 1236 1014 1302 civitate,
1038 1253 1122 1306 quam

178 1325 261 1379 ailla
290 1325 407 1396 perfecti
438 1320 552 1392 ¹numeri
584 1319 778 1374 convenientia
807 1319 938 1391 exigeret.
993 1321 1023 1378 Si
1052 1339 1118 1392 ergo

212 1409 305 1464 omnia
323 1410 405 1464 simul
423 1408 498 1462 faeta
517 1412 590 1470 aunt,
608 1404 648 1458 sie
666 1404 796 1460 videntur
815 1407 908 1476 angeli
924 1413 951 1462 et
969 1407 1024 1460 duo
1038 1406 1121 1476 primi

211 1493 337 1550 homines
355 1493 384 1546 iu
402 1508 515 1547 numero
541 1489 703 1560 imperfecto
722 1489 827 1560 fuisse,
852 1499 885 1546 ut
901 1491 1074 1558 hominibus,
1099 1491 1122 1545 ai

211 1579 307 1634 nullus
330 1577 443 1632 eederet
464 1577 596 1648 angelus,
621 1576 695 1645 quod
716 1575 811 1631 deerat
828 1577 917 1632 aulum
935 1575 1122 1646 perficeretur,

213 1671 242 1721 et
260 1663 284 1718 ei
303 1663 404 1734 aliquis
421 1663 530 1733 periuet,
551 1661 603 1717 hoe
621 1677 731 1732 quoque
751 1661 827 1730 quod
850 1663 973 1729 caderet,
995 1661 1121 1717 restitue·

179 1771 181 1778 ·
212 1755 304 1817 retur3
318 1757 349 1804 et
362 1746 481 1802 hominis
496 1755 596 1802 natura
616 1763 688 1818 quae
704 1744 839 1802 infirmior
852 1755 920 1818 erat,
938 1747 1018 1818 quasi
1029 1748 1121 1803 Deum

212 1842 357 1897 excusaret
375 1838 460 1903 atque
481 1832 622 1901 diabolum
640 1829 835 1900 confuuderet,
859 1834 885 1888 ai
913 1833 959 1888 ille
979 1850 1059 1886 uuum
1077 1849 1121 1888 ea·

212 1938 274 1976 mm
292 1919 446 1974 infirmitati
470 1935 537 1973 euue
561 1919 725 1988 imputaret,
749 1909 820 1970 eum'
837 1917 898 1988 ipae
916 1917 1049 1973 infirmior
1065 1925 1121 1972 ata·

213 2012 272 2076 ret3
298 2021 332 2059 ae
358 2004 382 2060 ai
403 2010 431 2058 et
447 2004 544 2059 eadem
570 2003 635 2072 ipsu
658 2002 784 2072 caderet,
808 2006 895 2059 multo
919 2005 1010 2076 magis
1028 2004 1122 2059 Deum

214 2089 376 2144 defenderet
405 2095 502 2142 eontra
528 2087 671 2141 diabolum
698 2094 726 2142 et
752 2096 902 2145 contrane
927 2091 1031 2160 ipsam,
1058 2106 1123 2144 cum

213 2173 278 2243 ipae
293 2172 369 2226 faeta
386 2171 468 2248 valde
488 2170 620 2226 infirmior
638 2176 665 2227 et
682 2174 806 2228 mortalia
827 2174 858 2230 in
876 2175 970 2231 electis
991 2176 1026 2230 de
1044 2181 1122 2229 tanta

214 2256 374 2314 indemitate
391 2261 469 2310 tento
488 2257 571 2311 altius
591 2258 769 2328 ascenderet,
795 2277 878 2329 quam
901 2260 976 2316 unde
994 2259 1122 2313 diabolus

215 2339 373 2408 cecidisset,
396 2350 500 2412 quanto
519 2340 587 2397 boni
607 2342 700 2413 angeli
721 2359 837 2413 quotum
859 2346 1015 2418 aequalitas
1033 2344 1058 2400 ei
1076 2344 1122 2398 de

214 2425 311 2494 betur,
334 2425 511 2496 profecerunt
529 2434 592 2497 post
609 2429 718 2481 ruinam
738 2429 887 2497 malorum,
914 2430 980 2501 quie
996 2443 1122 2500 perseve-

181 2514 353 2568 9raverunt
388 2513 431 2566 Ex
453 2512 497 2567 hie
523 2514 678 2568 rationibus
700 2513 793 2584 potiua
818 2515 886 2570 mihi
907 2515 1030 2577 videtur,
1057 2513 1123 2584 quia

215 2595 245 2650 in
264 2596 371 2667 angelis
389 2614 444 2652 nou
464 2597 519 2652 fuit
544 2597 592 2654 ille
614 2599 755 2669 perfectus
781 2617 925 2669 uumerus,
950 2617 1005 2672 quo
1025 2599 1123 2654 eiviteu

214 2681 265 2736 illu
288 2698 408 2752 superna
434 2681 626 2753 perficeretur,
653 2683 784 2754 quoniam
808 2684 832 2737 ai
856 2683 938 2739 homo
957 2685 1039 2738 simul
1060 2700 1124 2738 cum

214 2767 322 2839 angelis
345 2767 438 2822 faetus
463 2785 519 2823 non
544 2772 599 2836 est,
626 2766 665 2822 sie
689 2769 823 2839 possibile
841 2777 883 2823 eut
902 2786 975 2838 esee,
1001 2775 1030 2823 et
1047 2768 1071 2822 si
1088 2769 1123 2822 ui·

214 2855 274 2908 mul
299 2852 367 2908 faeti
388 2857 469 2923 aunt,
494 2853 570 2924 quod
593 2853 683 2924 magia
700 2860 801 2923 putant
820 2854 913 2924 multi,
938 2855 1068 2925 quoniam
1084 2854 1123 2908 le·

214 2939 305 3010 gitur:
320 3000 324 3008 .
338 2940 389 3010 qui
411 2937 478 2992 vivit
506 2937 537 2988 iu
564 2945 719 3003 aeternum,
747 2940 852 2992 creauit
883 2940 976 2993 omniu
1001 2939 1094 3006 aimei,
1103 2941 1123 3006 ¹)

165 3029 198 3080 1⁰
214 3023 325 3080 videtur
353 3034 466 3077 neeesse
496 3037 565 3076 ease.
611 3020 666 3076 Sed
696 3030 725 3078 et
752 3023 778 3078 ai
805 3021 939 3094 perfectio
967 3024 1124 3079 mundanae

214 3115 358 3165 creaturae
381 3125 439 3162 uon
461 3113 570 3160 tautum
596 3113 639 3162 est
662 3108 845 3180 intelligenda
868 3109 898 3162 in
922 3127 1036 3166 numero
1053 3108 1123 3164 indi·

214 3192 375 3263 viduorum,
403 3199 537 3263 quantum
562 3191 591 3245 iu
616 3209 731 3250 numero
747 3201 926 3266 naturarum,
949 3211 1062 3252 neeesse
1080 3197 1124 3249 eut

287 3359 313 3423 l)
331 3353 518 3416 Ecclesiaste.
539 3359 579 3424 18,
600 3359 624 3412 1.
