2630 3812
140 387 213 430 m*
519 387 723 446 carlum

210 566 239 617 ei
255 579 313 616 oon
330 563 395 616 oeni
407 563 507 627 fucere
523 561 692 612 voluntatem
711 576 813 629 meum,
838 563 868 614 ct
883 559 1001 629 proprio
1022 557 1101 612 Filio

207 667 258 704 esso
279 667 335 702 noa
350 647 486 718 pepercit,
507 651 537 700 et
553 664 610 699 aon
626 645 697 699 siem
713 662 763 712 eqo
780 645 852 714 volo,
869 646 921 697 aad
931 644 1002 697 m'esst
1013 651 1042 695 tu
1051 643 1101 697 nis.

145 761 184 810 1⁰.
209 752 282 808 Item
300 751 335 806 de
354 751 471 819 eisdem,
495 748 633 822 quomodo
652 749 734 803 aliter
750 754 826 803 recta
844 747 962 820 intelligi
977 750 1100 818 possunt.

144 863 184 912 11.
210 853 285 920 Quid
302 853 339 908 sit
356 868 475 924 peccare
492 857 521 906 et
537 869 589 922 pro
607 857 723 924 peccato
742 849 910 906 satisfacere.

145 965 184 1016 11.
208 957 310 1015 Utrum
319 955 379 1010 sola
390 953 580 1009 misericordia
591 954 651 1009 sine
663 953 737 1010 omni
754 933 890 1007 solutione
902 957 1001 1012 deceat
1011 956 1101 1012 Deum

211 1055 327 1122 peccata
345 1048 491 1104 dimittere.

145 1161 185 1212 13.
210 1153 292 1220 Quod
304 1151 373 1206 nihil
385 1151 476 1206 minus
490 1151 527 1204 sit
546 1150 720 1205 tolerandum
737 1147 767 1201 in
785 1164 877 1202 rerum
895 1150 1000 1221 ordine,
1018 1169 1102 1224 quem

210 1248 242 1296 ut
261 1246 389 1296 creatura
413 1236 530 1293 creatori
552 1235 677 1290 debitum
699 1231 831 1290 honorem
853 1234 975 1304 auferat,
1002 1245 1031 1293 et
1046 1257 1103 1294 non

212 1329 301 1385 solvat
315 1327 391 1401 quod
410 1327 508 1383 aufert

146 1445 186 1496 11.
211 1433 371 1493 Cuiusmodi
390 1433 483 1520 honop
493 1429 548 1486 Dei
566 1429 603 1484 sit
616 1444 707 1500 poena
723 1428 873 1498 peccantis.

146 1532 185 1581 15.
209 1523 239 1580 si
257 1521 334 1576 Deus
352 1519 396 1573 vel
414 1519 451 1572 ad
465 1516 604 1571 modicum
621 1515 745 1586 patiatur
759 1516 892 1573 honorem
903 1535 983 1574 suum
996 1518 1102 1576 violari.

146 1616 185 1668 16.
210 1607 292 1664 Ratio
312 1623 361 1660 cur
379 1620 508 1659 numerus
526 1602 688 1673 angelorum
706 1603 755 1676 qui
773 1603 939 1673 ceciderunt,
956 1604 1101 1662 restituen-

211 1695 262 1748 dus
278 1692 315 1746 sit
333 1691 368 1748 de
385 1689 549 1744 homiuibus.

146 1807 185 1857 17.
211 1794 292 1861 Quod
309 1792 357 1850 elii
376 1791 469 1864 angeli
488 1807 539 1863 pro
557 1791 613 1848 illis
632 1810 688 1848 non
705 1793 814 1863 possint
832 1795 947 1852 restitui

147 1907 185 1960 18.
211 1899 313 1958 Utrum
338 1895 432 1968 plures
458 1895 545 1952 futuri
574 1897 629 1954 sint
655 1897 744 1956 saneti
769 1899 907 1968 homiues,
938 1915 1022 1971 quam
1048 1897 1104 1956 siat

212 1984 277 2042 mali
294 1981 395 2056 anget.

148 2081 186 2132 19.
214 2073 295 2140 Quod
332 2072 414 2128 homo
455 2089 512 2130 non
548 2072 636 2144 possit
672 2073 773 2128 salvari
805 2075 864 2130 sino
889 2070 999 2145 peccati
1025 2073 1104 2153 satis

212 2158 341 2216 factione

146 2256 186 2306 10.
209 2245 291 2314 Quod
313 2248 465 2304 secundum
488 2264 644 2303 mensuram
668 2246 780 2318 peceati
801 2254 926 2320 oporteat
949 2267 1010 2305 esse
1027 2238 1105 2306 s'atis-

213 2334 371 2415 factionem,
388 2351 440 2390 neo
459 2351 520 2391 eam
537 2333 619 2389 homo
636 2350 687 2406 per
704 2333 843 2391 sefacere
858 2335 954 2408 possit.

145 2427 186 2480 11.
213 2419 316 2487 Quanti
333 2420 463 2493 ponderis
481 2420 518 2477 sit
534 2427 688 2492 peccatum.

146 2513 188 2566 11.
214 2505 304 2574 Quam
323 2506 517 2564 contumeliam
534 2506 601 2562 fecit
618 2507 700 2562 homo
718 2505 793 2577 Deo,
815 2526 880 2564 cum
899 2525 929 2565 se
947 2509 1107 2582 permisita

215 2590 327 2650 diabolo
347 2592 430 2663 vinci,
447 2611 497 2666 pro
516 2609 572 2665 qua
590 2593 748 2650 satisfacere
766 2611 823 2650 non
839 2601 939 2666 potest.

148 2685 188 2737 2³.
213 2679 286 2747 Quid
305 2680 422 2738 abstulit
439 2680 501 2736 Deo
518 2697 581 2735 cum
606 2681 746 2752 peccavit,
770 2681 845 2752 quod
867 2681 984 2737 reddere
1001 2681 1106 2754 nequit.

147 2771 187 2826 11.
212 2767 293 2835 Quod
316 2766 450 2841 quamdiu
472 2766 553 2822 homo
574 2781 630 2821 non
649 2766 741 2822 reddit
757 2766 818 2823 Deo
836 2770 911 2840 quod
929 2767 1028 2836 debet,
1051 2786 1107 2826 non
1198 2823 1201 2830 ,

214 2855 302 2928 possit
320 2870 380 2910 esse
397 2854 495 2910 beatus
512 2868 563 2908 neo
585 2857 732 2908 excusetur
749 2852 917 2924 impotentia,

148 2947 189 2998 11.
214 2942 296 3009 Quod
315 2959 348 2998 ex
364 2937 529 2995 necessitate
546 2955 596 3008 per
613 2937 753 2994 Christum
770 2939 893 2994 salvetur
909 2938 997 2994 homo.

601 3163 654 3217 11.

168 3309 191 3360 1.
218 3263 298 3369 ῥυσὰ
320 3304 401 3360 homo
423 3317 441 3356 a
463 3297 524 3354 Deo
548 3296 639 3352 factus
663 3297 699 3351 sit
722 3297 826 3368 iustm,
850 3307 882 3358 ut
904 3299 967 3360 Deo
991 3268 1107 3360 fruendo

216 3387 315 3446 beatus
332 3391 412 3443 esset.

167 3481 191 3532 1.
219 3474 301 3542 Quod
316 3474 400 3528 homo
415 3485 471 3526 non
491 3473 649 3537 moreretur,
668 3467 692 3524 si
709 3484 766 3527 non
782 3479 932 3543 peccasset
