2638 3818
145 327 199 370 Vffl
427 325 645 383 PRAEFATIO
663 325 848 383 EDITORIS.

143 508 180 569 et
202 499 249 567 rei
278 499 404 583 amplae
431 498 672 584 profundaeque
702 519 843 586 congrua
867 498 980 564 mirum
1006 519 1104 583 quan-

145 594 213 653 tum
240 586 473 672 supersedisse,
504 605 627 651 necnon
658 603 761 669 aequo
790 587 863 671 plus
892 604 1017 650 crucem
1038 585 1105 650 dia-

144 671 218 737 bolo
246 669 329 735 iuste
351 671 511 737 hominem
536 670 668 735 vexanti
690 670 783 751 quasi
803 671 1014 755 muscipulam
1037 676 1105 736 ten-

144 777 215 823 sam
246 754 383 840 unisse,
418 755 522 821 nescit
556 774 650 820 nemo
688 754 722 818 in
753 755 887 821 historia
920 757 1105 840 dogmatum

146 840 390 908 christianorum
419 846 575 906 versatus.
619 839 661 904 At
689 859 766 905 vero
793 840 825 905 S.
843 841 1013 906 Anselmus
1040 861 1105 906 non

146 933 197 993 sat
218 924 330 990 habuit
352 944 423 990 cum
445 925 590 1010 patribus
618 926 854 989 convenientiam
875 945 1019 992 asserere
1042 925 1104 992 sal-

57 1044 59 1048 ·
144 1011 297 1094 rationis,
326 1010 453 1094 qualem
474 1009 536 1075 Dei
563 1009 648 1076 lilius
674 1008 872 1074 humanitate
893 1011 927 1074 in
947 1029 1105 1095 personae

144 1097 298 1163 unitatem
331 1101 473 1160 assumta
501 1095 625 1180 effecit,
658 1113 762 1177 neque
789 1096 1006 1162 tantummodo
1036 1114 1104 1158 coa·

144 1185 290 1248 anatona
317 1178 400 1244 inter
421 1180 579 1245 Adamum
606 1186 637 1244 et
660 1178 822 1245 Christum
847 1179 975 1245 illiusve
997 1181 1105 1246 inobe-

140 1265 298 1332 dientiam
320 1272 551 1350 peccatumque
567 1263 767 1330 mortiferum
789 1270 821 1328 et
842 1263 936 1329 huius
957 1264 1104 1331 obedien-

142 1351 222 1418 tiam
240 1349 459 1434 iustitiamque
484 1349 646 1416 nnciam
672 1349 794 1433 absque
815 1347 910 1414 dubio
933 1351 1103 1416 concinnas

143 1435 245 1503 voluit
274 1435 360 1520 fieri,
392 1434 450 1502 sed
478 1439 684 1499 necessitatem
717 1435 845 1500 divinae
875 1433 1103 1501 humiliationis

140 1519 423 1588 demonstrandam
453 1525 549 1603 atque
576 1520 789 1584 rationabilem
819 1521 1000 1583 soliditatem
1021 1521 1104 1584 veri-

142 1603 234 1690 tatis,
264 1606 353 1672 cuius
381 1604 542 1691 principia
569 1610 602 1669 et
629 1604 774 1688 germina
795 1603 883 1689 apud
905 1602 1104 1689 superiorum

141 1697 320 1778 temporum
340 1689 486 1756 doctores
508 1688 684 1772 indagavit,
707 1709 779 1756 esse
800 1689 1026 1773 explicandam
1047 1688 1102 1753 ha·

141 1776 211 1842 buit
238 1794 436 1862 persuasum.
483 1775 656 1840 Praeterea
685 1782 792 1841 autem
820 1774 1103 1858 argumentationi-

141 1861 202 1927 bus
229 1863 378 1947 istorum,
408 1860 464 1943 qui
485 1865 551 1924 tam
579 1859 742 1925 diabolum
769 1879 828 1944 per
849 1859 970 1943 lignum
992 1860 1025 1925 in
1046 1879 1102 1944 pa·

142 1945 250 2013 radiso
291 1946 445 2013 viatorem
487 1945 628 2027 aliquam
669 1943 704 2007 in
746 1943 940 2030 possidendo
976 1945 1103 2011 homine

140 2030 297 2098 iustitiam
322 2031 495 2115 mortisque
522 2027 690 2112 imperium
711 2026 862 2095 habuisse
884 2029 1103 2112 defenderunt,
1167 2099 1171 2120 .

140 2137 240 2201 quam
276 2116 412 2182 eundem
446 2133 578 2200 corpore
612 2112 742 2178 Domini
779 2113 813 2178 in
844 2121 978 2180 mortem
1011 2121 1103 2200 rapto

141 2203 230 2268 hami
251 2199 429 2267 divinitatis
448 2200 485 2265 in‘
504 2219 542 2265 eo
562 2198 678 2264 inclusi
698 2199 934 2282 imprudentem
955 2219 1027 2267 esse
1049 2201 1103 2265 de-

141 2287 263 2354 victum
279 2287 471 2369 illusumque
490 2289 696 2366 censuerunt,
721 2320 764 2330 —
793 2305 924 2368 prorsus
945 2284 1105 2351 dubitavit

142 2371 251 2437 album
282 2371 422 2437 adiicere
454 2369 620 2436 calculum.
673 2369 786 2452 Neque
819 2371 905 2434 enim
937 2372 1002 2436 ullo
1034 2370 1103 2434 iure

141 2457 294 2524 Anselmo
322 2457 412 2522 visus
452 2461 501 2521 cst
540 2459 708 2539 peecatum
742 2456 930 2540 peccatique
966 2473 1104 2540 poenam

142 2542 289 2608 diabolus
319 2542 360 2608 ab
387 2540 567 2606 hominibus
597 2544 672 2604 ante
700 2539 885 2624 passionem
912 2539 1104 2605 dominicam

140 2627 309 2711 exegisse3
336 2645 375 2691 ac
395 2625 605 2690 scholasticus
630 2631 740 2689 noster
762 2627 912 2708 quoniam
933 2629 1019 2690 reete
1042 2624 1102 2688 Ve-

89 2761 91 2769 r
141 2713 270 2778 ritatem
290 2711 391 2776 ullum
411 2709 523 2775 fallere
544 2709 692 2793 negavit,
714 2709 865 2774 virtutem
886 2709 1029 2775 divinam
1046 2708 1103 2773 hu-

140 2817 238 2862 mana
257 2795 436 2862 humilitate
456 2794 540 2860 huno
564 2794 598 2858 in
619 2793 716 2859 finem
735 2801 892 2881 opertam,
920 2800 957 2859 ut
977 2791 1103 2858 fallere-

141 2889 195 2946 tur
214 2882 381 2946 falleretve
410 2899 445 2946 se
472 2879 527 2963 qui
546 2879 688 2945 fallendo
710 2877 870 2944 hominem
887 2879 927 2944 de
950 2878 1102 2963 paradiso

28 2970 32 2978 “
141 2966 314 3033 deiecisset
343 2964 506 3049 diabolus,
535 2964 710 3030 concedere
738 2966 869 3048 nequiit.
912 2961 1103 3030 Huiusmodi

140 3051 240 3136 igitur
261 3074 300 3098 -·
324 3050 430 3134 quoad
452 3049 570 3132 dogma
595 3049 824 3116 satisfactionis
847 3087 888 3098 —
910 3049 1103 3116 offendicula

142 3135 264 3220 legenti
285 3143 412 3220 patrum
432 3135 553 3218 scripta
573 3133 671 3200 Beoci
692 3134 757 3199 iam
779 3142 997 3220 occurrerunt,
1019 3152 1102 3218 quae

142 3222 177 3286 in
204 3219 275 3286 dies
303 3221 441 3288 adaucta
470 3219 532 3286 sibi
563 3220 660 3286 evelli
692 3239 756 3284 uon
788 3239 885 3303 posse
915 3220 1006 3305 vidit,
1038 3217 1102 3284 nisi

140 3306 212 3392 ipse
233 3325 301 3372 rem
322 3312 438 3372 exacta
452 3305 721 3371 demonstratione
736 3310 885 3389 egentem
898 3302 1102 3371 retractando

140 3400 175 3459 et
195 3398 304 3478 partas
326 3411 347 3456 a
367 3391 540 3457 maioribus
562 3390 691 3457 relictas
711 3390 857 3475 expleret
879 3397 912 3457 ct
932 3389 1102 3458 tanmem
