2638 3818
395 280 473 338 cna
490 277 592 335 nnus
610 279 729 338 norro,
764 280 788 335 1.
807 283 848 336 rs.
1036 277 1078 345 51

168 452 206 508 ad
233 450 286 507 boe
311 449 440 522 provehi,
466 433 504 504 ad
532 448 606 520 quod
632 447 723 504 fectus
749 453 800 504 est.
836 445 1012 518 Quapropter
1029 453 1079 502 aut
1098 448 1130 499 1e

169 543 247 592 extra
274 535 359 592 fidem
386 533 566 590 christianam
597 533 764 591 invenienda
798 538 841 589 est
866 533 976 603 peceati
998 532 1078 588 satis·

166 621 261 692 factio,
282 621 393 694 qualem
414 637 499 690 supra
518 635 578 674 esse
597 619 698 674 debere
712 617 893 688 ostendimus,
911 618 987 689 quod
998 619 1077 674 nulle

167 707 238 762 ratio
272 711 365 779 potest
394 704 555 774 ostendere,
582 709 632 760 aut
660 701 850 758 indubitanter
876 704 907 759 in
935 703 985 760 illa
1015 721 1076 760 esse

167 792 308 849 credenda
334 796 385 847 est.
428 789 509 855 Quod
532 791 606 846 enim
629 789 785 844 necessaria
809 789 917 845 ratione
940 789 1076 846 veraciter
1095 791 1125 843 11

166 895 226 934 esse
246 876 401 948 colligitur,
427 874 457 928 id
481 875 511 928 in
534 875 638 931 nullam
666 875 751 930 debet
775 875 877 930 deduci
896 873 1074 944 dubietatem,

167 961 276 1018 etiamsi
295 961 366 1016 ratio
388 961 525 1032 quomodo
542 961 580 1015 sit
599 978 656 1016 non
671 960 831 1031 percipitur.
866 962 934 1030 Boe.
969 961 1075 1018 Verum

166 1055 209 1104 est
227 1045 304 1118 quod
318 1045 399 1100 diois.
433 1047 503 1102 Ans.
522 1043 598 1111 Quid
614 1061 683 1117 ergo
701 1047 812 1116 quaeris
831 1039 970 1118 amplius?
1005 1042 1126 1101 Boa12

165 1132 231 1190 Non
256 1131 293 1186 ad
317 1130 369 1186 hoc
390 1133 468 1202 reni,
492 1138 524 1187 ut
547 1131 659 1186 auferas
682 1130 750 1184 mihi
772 1129 838 1186 fidei
863 1132 1075 1202 dubitationem,

166 1216 217 1272 sed
234 1220 267 1271 ut
284 1217 412 1272 ostendas
428 1216 497 1271 mihi
512 1215 686 1271 certitudinis
706 1233 784 1272 meae
803 1216 939 1272 rationem
947 1219 982 1286 ¹),
1007 1235 1075 1288 qua·

165 1305 279 1372 propter
304 1299 376 1355 sicut
399 1319 444 1358 me
475 1301 679 1358 rationabiliter
711 1301 850 1358 deduxisti
879 1302 916 1356 ad
946 1301 1013 1373 hoc,
1041 1309 1074 1358 ut

165 1384 276 1440 videam
308 1385 447 1444 hominem
482 1393 658 1460 peecatorem
696 1388 750 1444 boe
785 1387 887 1444 debere
921 1386 983 1444 Deo
1022 1405 1074 1459 pro

165 1475 289 1541 peccato,
307 1471 382 1544 quod
399 1478 429 1530 et
445 1471 563 1528 reddere
580 1473 679 1544 nequit
694 1480 723 1530 et
742 1473 797 1529 nisi
807 1473 961 1533 reddiderit
972 1473 1074 1529 salvari

165 1572 221 1610 non
245 1555 332 1612 valet:
351 1557 400 1612 ‘ita
426 1555 490 1611 volo
515 1573 559 1610 me
583 1557 721 1628 perducas
746 1559 827 1629 illuc,
856 1566 889 1615 ut
914 1558 1075 1615 rationabili

150 1632 329 1696 'necessitate
354 1640 510 1713 intelligam
536 1658 596 1697 esse
625 1650 752 1714 oportere
785 1643 879 1700 omnia
907 1642 970 1711 illa,
1002 1660 1075 1714 quae

140 1725 243 1800 ,nobis
269 1726 339 1782 fides
366 1726 504 1782 catholiea
535 1726 569 1782 de
597 1727 706 1784 Christo
732 1729 844 1786 credere
868 1726 1023 1798 praecipit,
1051 1728 1075 1781 si

162 1811 291 1866 volumus
318 1811 434 1879 salvari,
462 1819 490 1867 et
519 1812 587 1884 quid
610 1814 722 1868 valeant
749 1815 786 1870 ad
808 1813 928 1868 salutem
946 1811 1074 1882 hominis,

161 1902 192 1954 et
209 1896 329 1970 qualiter
347 1897 425 1952 Deus
445 1896 634 1956 misericordia
651 1897 742 1952 salvet
757 1897 909 1965 hominem,
937 1912 1001 1952 eum
1018 1913 1074 1951 non

163 1981 286 2040 dimittat
305 1981 347 2038 illi
363 1986 519 2052 peccatum,
536 1983 590 2038 nisi
607 1983 761 2042 reddiderit
781 1983 857 2054 quod
872 1987 987 2052 propter
1002 1981 1073 2041 illud

164 2068 262 2138 debet;
285 2073 316 2126 et
337 2073 369 2122 ut
394 2067 525 2124 certiores
545 2068 601 2124 sint
618 2067 872 2140 argumentationes
894 2073 973 2136 tuae,
998 2066 1075 2128 sica

161 2151 247 2226 longe
272 2152 377 2223 incipe,
404 2159 436 2208 ut
461 2170 508 2210 eas
535 2170 619 2226 supra
640 2151 750 2207 firmum
775 2150 988 2212 fundamentum
1008 2169 1073 2209 con-

162 2238 271 2294 stituas
307 2239 378 2294 Aee.
413 2237 537 2294 Adiuvet
556 2255 600 2293 me
619 2255 694 2292 nunc
711 2238 802 2308 Deus,
820 2239 888 2310 quia
905 2244 938 2294 tu
955 2239 1072 2298 nullrte-
1093 2241 1124 2292 13

162 2341 216 2378 nus
242 2323 310 2380 mihi
332 2323 425 2395 parcis
450 2339 502 2378 nec
525 2323 683 2378 consideras
703 2321 922 2380 imbecillitatem
940 2323 1072 2382 scientiae

162 2425 255 2479 meae,
280 2410 328 2465 cui
345 2416 403 2465 tam
422 2425 555 2481 magnum
571 2426 643 2480 opus
660 2406 790 2478 iniungis.
826 2408 953 2464 Tentabc
970 2414 1072 2478 tamen,

163 2494 389 2567 quandoquidem
411 2493 516 2564 incepi,
541 2510 598 2549 non
617 2493 647 2548 in
665 2509 708 2548 me
728 2492 825 2546 sedin
841 2492 904 2548 Deo
921 2492 1071 2560 confidens,

162 2584 193 2636 et
226 2577 328 2638 facum
358 2581 433 2652 quod
465 2578 526 2650 ipso
564 2579 715 2634 adiuvante
744 2582 849 2648 potero.
884 2577 941 2636 Sed
970 2597 1005 2636 ne
1031 2579 1072 2637 fa·
1092 2576 1124 2627 14

162 2664 279 2722 stidium
302 2665 372 2724 haec
400 2665 505 2726 volenti
530 2665 624 2736 legere
650 2663 732 2720 nimis
757 2663 843 2736 longa
866 2664 1096 2724 continuatione

164 2755 321 2823 generetur,
339 2769 357 2810 a
376 2751 457 2808 dictis
476 2751 594 2806 dicenda
610 2751 666 2806 alio
683 2750 795 2815 exordio
813 2749 1025 2824 distinguamus.

236 2943 262 3006 1)
283 2939 339 2995 ce.
356 2948 409 2998 c.1
440 2947 471 2996 2:
503 2937 601 3010 „Quod
618 2945 727 3009 petunt,
744 2956 801 2994 non
820 2946 853 2995 ut
870 2957 921 3010 per
937 2939 1072 2994 rationem

162 3009 202 3068 ad
227 3007 312 3066 fidem
337 2981 478 3091 accedant,
504 3009 554 3064 sed
580 3013 612 3062 ut
636 3025 730 3064 eorum
757 3025 829 3082 quae
854 3009 972 3066 credunt
993 3009 1072 3066 intel-

162 3077 237 3136 lecta
255 3084 284 3135 et
301 3079 534 3151 contemplatione
553 3077 749 3135 delectentur.“
