2638 3818
376 317 454 376 cUR
472 317 573 375 DEUS
592 315 710 373 HOMO.
746 319 769 372 Ι.
790 321 900 373 21-23.
1053 318 1097 385 45

190 488 385 558 consolaretur,
402 489 455 544 hoc
467 487 556 543 solum
570 491 684 559 cogeret
693 503 738 542 me
751 488 905 559 desperare.
933 488 1003 542 Aac.
1020 485 1097 543 Audi

189 579 290 632 tamen.
325 577 394 630 Boe.
411 574 474 628 Dic.
509 574 578 628 Am.
596 573 689 628 Homo
706 574 736 627 in
755 573 886 644 paradiso
905 573 965 628 sine
982 575 1131 645 peccatoh

188 659 279 716 factus
303 661 384 732 quasi
406 660 513 730 positus
539 665 582 714 est
600 675 652 730 pro
667 660 730 715 Deo
754 659 827 714 inter
844 659 936 713 Deum
954 664 984 714 et
1001 659 1097 715 diabo-

189 745 259 816 lum,
287 750 320 800 ut
348 745 471 800 vinceret
500 745 642 801 diabolum
666 763 722 800 non
747 744 944 800 consentiendo
968 744 1098 800 suadenti

187 837 350 904 peccatum,
375 831 411 885 ad
437 831 640 886 excusationem
662 836 690 886 et
707 831 838 886 honorem
857 831 912 887 Dei
933 838 960 887 et
977 832 1014 886 ad
1032 847 1097 886 con-

188 916 327 974 fusionem
350 915 466 986 diaboli,
493 933 557 971 cum
581 917 630 972 ille
652 915 786 972 infirmior
809 917 839 970 in
863 922 937 971 terra
958 934 1014 971 non
1032 933 1097 988 pec·

189 1008 266 1057 caret
292 1002 388 1056 eodem
410 1002 522 1058 diabolo
551 1003 700 1067 suadente,
727 1003 775 1073 qui
799 1001 897 1056 fortior
918 1003 1045 1072 peccavit
1067 1003 1097 1058 iu

188 1088 266 1143 coelo
291 1087 367 1142 nullo
393 1088 542 1157 suadente;
570 1094 598 1142 et
625 1103 689 1141 cum
714 1085 768 1141 hoc
789 1086 870 1141 homo
894 1084 976 1144 facile
1003 1092 1098 1159 posset

188 1170 311 1240 efficere,
335 1172 412 1227 nulla
435 1175 463 1228 ri
488 1180 602 1228 coactus
626 1173 686 1228 sola
708 1171 836 1226 suasione
856 1179 955 1242 sponte
975 1190 1005 1228 se
1022 1173 1096 1229 vinci

187 1257 314 1328 permisit
337 1259 373 1312 ad
399 1258 571 1313 voluntatem
596 1258 699 1312 diaboli
717 1263 746 1313 et
765 1261 862 1312 contra
878 1257 1050 1314 voluntatem
1069 1264 1097 1314 et

187 1341 319 1398 honorem
335 1343 397 1399 Dei.
433 1347 500 1398 Boe.
526 1344 573 1398 Ad
590 1345 658 1416 quid
676 1345 718 1399 vis
737 1341 873 1398 tendere?
909 1343 979 1397 Aoo.
997 1342 1129 1400 Iudica3

187 1429 314 1500 tuipse,
338 1430 362 1484 si
387 1447 443 1485 nou
467 1435 510 1484 est
535 1437 631 1485 contra
651 1429 782 1484 honorem
804 1427 873 1497 Dei,
899 1435 931 1483 ut
954 1428 1037 1484 homo
1053 1446 1095 1485 re-

187 1514 349 1570 concilietur
381 1515 423 1569 illi
454 1531 519 1568 cum
548 1515 688 1570 calumnia
714 1515 796 1569 huius
824 1515 1009 1570 contumeliae
1033 1514 1096 1570 Deo

187 1598 341 1671 irrogatae,
370 1600 426 1654 nisi
453 1601 530 1670 prius
560 1601 736 1657 honoraverit
760 1599 852 1654 Deum
873 1600 1011 1655 vincendo
1037 1601 1096 1655 dia·

187 1683 299 1754 bolum,
338 1685 411 1740 sieut
449 1686 624 1741 inhonoravit
664 1686 743 1740 illum
787 1685 878 1739 victus
919 1701 937 1738 a
977 1685 1122 1742 diabolo·

186 1770 314 1827 Victoria
338 1785 403 1826 vero
425 1773 490 1828 talis
513 1790 574 1828 esse
599 1772 699 1840 debet,
723 1776 756 1825 ut
779 1772 852 1826 sicut
868 1768 948 1825 fortis
965 1787 999 1824 ac
1016 1776 1094 1841 pote·
1112 1768 1130 1820 4

186 1861 258 1911 state
285 1856 447 1912 immortalis
481 1857 620 1915 consensit
646 1855 730 1911 facile
759 1855 870 1910 diabolo
899 1860 931 1909 ut
956 1861 1093 1926 peccaret,

185 1941 261 1996 unde
280 1941 353 1997 iuste
378 1941 496 1995 incurrit
516 1958 635 2012 poenam
652 1941 843 2009 mortalitatis3
868 1941 909 1995 ita
925 1941 1050 1995 infirmus
1067 1947 1096 1997 et

186 2027 325 2096 mortalis,
350 2027 461 2097 qualem
487 2045 516 2082 ee
531 2025 600 2082 iecit
617 2027 692 2098 ipse,
718 2043 769 2098 per
785 2024 882 2080 monis
902 2023 1096 2080 difficultatem

186 2113 281 2169 vineat
310 2112 452 2167 diabolum
479 2117 511 2166 ut
539 2112 615 2168 nullo
641 2113 723 2168 modo
747 2117 861 2182 peccet;
895 2109 972 2181 qnod
1003 2109 1095 2164 facere

185 2215 242 2253 non
265 2202 372 2270 potest,
397 2198 531 2268 quamdiu
553 2215 587 2252 ex
610 2198 724 2252 vulnere
746 2196 828 2266 primi
844 2194 955 2266 peccati
972 2193 1094 2264 concipi-

185 2289 230 2338 tur
249 2288 278 2339 et
296 2281 420 2338 nascitur
443 2282 473 2337 iu
491 2289 614 2353 peccato.
650 2284 719 2340 Boe.
754 2281 859 2336 Iterum
877 2281 954 2349 dico,
982 2279 1048 2351 quia
1067 2281 1128 2334 ιιι

185 2369 256 2425 ratio
273 2368 376 2440 probat
395 2367 470 2438 quod
490 2367 566 2437 dicis,
589 2372 617 2421 et
632 2366 803 2437 impossibile
821 2372 870 2420 est.

947 2471 965 2507 s

185 2558 351 2646 23
385 2590 456 2644 Ace.
485 2587 587 2643 Adhuc
595 2589 616 2660 ¹)
634 2588 730 2659 accipe
747 2603 846 2654 unum,
870 2585 929 2642 sine
949 2603 1005 2658 quo
1021 2579 1126 2646 instes

184 2691 242 2754 ιιοιι
275 2674 471 2731 reconciliatur
504 2673 599 2742 homo,
633 2690 685 2729 nec
718 2672 808 2727 minus
844 2669 1014 2743 impossibile
1044 2678 1093 2728 est

183 2762 253 2816 Boe
289 2760 419 2815 'Petram
439 2757 608 2830 proposuisti
632 2757 713 2813 nobis
736 2773 808 2828 quae
835 2756 926 2811 facere
952 2749 1093 2824 debemus,

184 2851 217 2901 ut
242 2845 380 2916 quidquid
403 2844 588 2917 superaddes,
616 2859 673 2898 non
698 2859 743 2897 mc
764 2841 854 2924 magis
873 2847 977 2896 terrere
996 2839 1121 2915 possit

184 2919 255 2984 'ricc
293 2930 370 2985 Audi
397 2937 500 2986 tamen.
535 2931 605 2984 Bos
639 2928 740 2984 Audio
775 2919 845 2981 Ace.
880 2925 954 2990 Quid
977 2921 1127 2978 abstulit2

183 3014 267 3070 homo
283 3015 354 3084 Deo,
374 3033 438 3072 cum
455 3015 529 3072 vinci
547 3031 577 3069 se
594 3013 719 3095 permisit
736 3029 753 3068 a
771 3011 902 3067 diabolo?
937 3010 1007 3066 Bos
1035 3006 1121 3086 Dic..

184 3107 217 3156 tu
235 3105 267 3155 ut
282 3099 424 3171 incepisti,
449 3102 516 3173 quia
538 3116 591 3171 ego
608 3098 714 3170 nescio,
739 3097 808 3170 quid
829 3095 999 3166 superhaec
1017 3092 1092 3146 mala

185 3202 258 3258 quae
285 3186 432 3242 ostendisti
458 3186 551 3259 potuit
581 3185 692 3240 addere.
746 3185 815 3238 Aoo.
850 3181 951 3246 Nonne
978 3176 1126 3236 abstulita

185 3341 199 3350 υ
257 3374 337 3445 1)Ιιι
354 3373 438 3429 Mser.
454 3374 500 3430 hio
517 3341 626 3444 incipit
632 3387 654 3428 c}
676 3377 731 3428 ²3.
818 3337 820 3343 Α
