2638 3818
356 313 457 374 oua
475 313 577 372 naus
596 311 717 370 nono.
751 312 818 370 nr.
836 319 861 371 a
1055 313 1078 382 5

159 492 219 553 tur,
239 485 325 540 lieeat
340 481 408 539 mihi
427 483 506 538 illam
522 482 684 551 obtendere,
708 480 1001 554 quatenusquomodo
1019 497 1076 535 non

157 567 287 627 obsistat
303 569 421 642 aperias.
456 568 526 625 Aru.
542 565 596 623 Die
613 569 689 640 quod
706 567 760 623 tibi
776 566 894 622 ridetur.

165 763 169 770 ³
248 707 291 793 30
342 741 412 793 Bos.
440 735 581 794 obliniunt
595 739 677 795 nobis
696 737 853 794 deridentes
869 733 1076 808 simplieitatem
1095 730 1107 782 1

159 830 295 880 nostram
317 819 457 893 infideles,
480 825 547 895 quia
568 825 629 880 Deo
651 823 769 878 facimus
787 821 917 876 iniuriam
934 825 964 875 et
979 825 1076 874 eontu-

161 910 296 976 rneliam,
322 923 386 962 oum
409 925 470 964 eum
497 910 645 967 asserimus
667 911 697 964 iu
721 915 830 965 uterum
849 905 975 979 Virginis
984 906 1004 973 ¹)
1029 903 1076 958 da·

163 993 329 1063 seendisse,
352 999 445 1048 natum
462 1011 523 1052 esse
540 997 575 1051 de
594 994 712 1064 femina,
734 995 807 1050 laete
824 999 853 1049 et
868 990 1006 1048 alimentis
1025 989 1075 1044 hu·

163 1079 262 1135 manis
281 1077 413 1134 nutritum
431 1079 564 1148 oravisse,
588 1087 617 1135 et
634 1086 667 1135 ut
685 1080 772 1134 multa
788 1078 845 1133 alia
861 1084 983 1146 aream,
1001 1087 1076 1148 quae

163 1165 234 1221 Deo
256 1181 311 1218 non
332 1162 460 1220 ridentur
484 1167 644 1234 eonvenite,
671 1164 862 1219 lassitudinem
878 1162 980 1218 famem
1000 1161 1076 1216 sitim

165 1247 288 1303 verbera
312 1255 340 1304 et
367 1249 440 1306 inter
469 1251 590 1306 latrones
620 1267 729 1306 emnem
754 1255 925 1318 mortemque
951 1246 1076 1302 subiisse

169 1331 244 1388 Aua
277 1333 332 1391 Nos
358 1351 413 1391 non
436 1335 554 1390 faeimus
572 1335 634 1393 Deo
657 1336 786 1391 iniuriam
808 1335 895 1390 ullam
913 1337 963 1387 ant
979 1335 1110 1390 donar-2

171 1417 289 1489 malim,
306 1421 355 1476 sed
371 1426 430 1476 toto
443 1421 526 1477 eorde
539 1422 645 1492 gratias
657 1429 772 1494 agentes
789 1421 937 1476 laudamus
955 1424 984 1474 et
996 1433 1077 1488 prae·

173 1501 294 1558 dieamus
306 1505 474 1562 ineffabilem
487 1507 664 1563 altitudinem
677 1506 883 1563 miserirordiae
900 1505 992 1574 illius;
1010 1503 1077 1574 qnia

174 1593 274 1659 quanto
297 1607 349 1646 noa
375 1592 528 1648 mirabilius
554 1598 584 1648 ol
612 1599 723 1663 praeter
748 1592 905 1663 opinionem
930 1591 966 1646 de
991 1589 1076 1644 tanus

173 1679 201 1728 et
214 1679 272 1728 iarn
290 1675 391 1731 debitis
409 1677 490 1731 malis
508 1677 657 1747 inquibus
676 1695 792 1747 eramus,
818 1677 855 1731 ad
873 1683 953 1731 tanta
970 1681 999 1730 et
1017 1682 1077 1730 tam

168 1755 294 1816 indebita
314 1760 389 1816 bona
408 1777 479 1833 quae
497 1761 718 1834 perdideramus,
743 1761 877 1831 restituit,
895 1766 974 1815 tanto
992 1761 1076 1814 maio-

167 1859 226 1901 rem
261 1846 439 1903 dilectionem
464 1863 532 1919 erga
558 1863 609 1902 nos
632 1853 661 1903 et
682 1847 816 1918 pietatem
839 1844 1011 1902 monstrarit.
1046 1845 1110 1901 sia

166 1930 243 1985 enim
271 1930 421 2002 diligenter
446 1933 664 2004 considerarent,
694 1947 777 2004 quam
804 1932 1001 1987 convenienter
1023 1931 1076 1986 hoe

166 2016 252 2071 modo
270 2022 420 2087 procurata
439 2017 477 2072 sit
498 2018 619 2074 humana
639 2017 820 2087 restauratio,
845 2033 901 2072 non
919 2013 1077 2069 deriderent

166 2107 291 2156 nosuam
316 2102 535 2174 simplieitatem,
559 2105 610 2160 aed
627 2104 683 2160 Dei
704 2103 849 2159 nobiseum
867 2101 1014 2156 laudarent
1032 2115 1076 2153 aa·

165 2186 290 2257 piantem
306 2185 514 2258 benignitatem.
550 2188 704 2258 Oportebat
726 2206 846 2261 namque
862 2195 908 2258 ut,
934 2187 1008 2241 sieut
1025 2201 1077 2256 per
1094 2195 1112 2246 4

166 2271 287 2327 hominis
315 2271 530 2328 inobedientiam
554 2291 627 2328 mors
651 2275 681 2328 in
704 2275 854 2331 humanum
879 2290 968 2344 genus
991 2271 1077 2325 intra·

167 2364 255 2428 verat,
273 2358 314 2412 ita
331 2373 381 2428 per
397 2358 515 2414 hominis
532 2359 718 2415 obedientiam
735 2360 793 2414 rita
809 2358 1008 2416 restitueretur.
1039 2355 1078 2410 Et
1095 2369 1111 2420 5

169 2444 404 2516 quemadmodum
415 2449 570 2516 peecatum,
589 2447 664 2517 quod
675 2444 731 2499 init
742 2459 827 2498 eausa
838 2447 950 2498 nostrae
963 2441 1076 2495 danma-

168 2529 262 2599 tionis,
278 2530 389 2584 initium
406 2529 505 2586 habuit
521 2549 539 2586 a
555 2532 666 2601 femina,
686 2530 726 2586 sie
745 2547 827 2586 verae
845 2529 967 2583 iustitiae
983 2534 1012 2583 et
1032 2544 1076 2582 sa·

169 2611 237 2670 lutis
260 2621 371 2672 nostrae
389 2619 514 2683 auetor²l
538 2623 696 2673 nasceretur
721 2617 756 2672 de
778 2615 897 2686 lemina3
922 2621 951 2671 et
969 2618 1001 2668 ut
1019 2613 1077 2667 dia·

170 2697 267 2769 bolus,
291 2702 339 2772 qui
364 2718 416 2774 per
437 2705 551 2772 gustum
571 2701 641 2774 ligni
660 2717 743 2773 quem
760 2700 912 2773 persuasit,
938 2699 1077 2756 hominem

170 2784 284 2856 viderat,
302 2786 342 2841 ita
359 2805 409 2859 per
426 2785 584 2858 passionem
601 2787 672 2858 ligni
690 2804 774 2858 quam
791 2787 892 2856 intulit,
911 2787 948 2841 ab
965 2785 1077 2840 homine

170 2867 334 2926 vinceretm.
369 2869 441 2927 Sunt
458 2889 569 2943 quoque
587 2872 643 2926 alia
661 2873 757 2942 multa,
778 2888 850 2945 quae
870 2871 993 2926 studiose
1012 2882 1075 2922 eon·
1094 2873 1111 2926 6

171 2951 293 3008 siderata
317 2953 486 3013 ineffabilem
516 2958 657 3030 quandam
685 2964 796 3013 nostrae
820 2953 997 3013 redemtionis
1022 2951 1077 3006 hoe

170 3037 255 3093 modo
272 3047 437 3110 procuratae
453 3042 687 3114 pulchritudinem
705 3043 862 3098 ostendunt

242 3231 252 3280 l
285 3227 358 3285 Dedi
379 3231 505 3299 Vispiur'a
523 3247 547 3286 e.
566 3227 634 3286 eod.
652 3229 677 3284 B
693 3246 745 3300 pro
762 3226 889 3282 mulieris
904 3223 980 3296 vulg.

240 3229 277 3420 2}
287 3299 336 3422 {ie
358 3307 471 3354 neutros
492 3300 617 3354 iustitias
638 3307 664 3353 el
682 3299 899 3352 salmanasar
918 3293 946 3349 A
958 3291 1035 3350 abo
1052 3291 1078 3346 B
1096 3393 1100 3400 A

167 3363 232 3420 OE
