2638 3818
334 255 437 370 ι(ὶῑιιὶ
450 301 552 368 titiis
569 299 687 362 notre.
720 302 759 360 rr
780 309 821 362 rs.
839 308 905 363 rea.
1045 305 1091 374 re
1193 250 1202 356 Δ.

179 471 256 529 tiene
278 471 414 544 sapientis
438 470 569 534 Deihoe
589 469 661 534 [feeit
683 472 708 538 si
731 490 788 530 non
811 491 961 545 possumus
979 472 1085 530 'intelli-

180 574 254 630 gere,
278 574 334 614 non
352 557 485 614 debemus
502 557 596 612 mirari
612 559 662 614 sed
680 575 744 614 eum
761 558 936 616 veneratione
955 559 1083 631 tolerare,

180 643 285 716 aliquid
294 661 356 700 esse
369 645 400 698 in
410 643 522 706 seeretis
535 649 629 700 tantse
640 644 681 700 rai
694 645 769 715 quod
780 644 947 716 ignoremus.
975 643 1084 716 Quippe
1102 644 1117 694 6

180 729 334 786 mirabilius
350 729 428 791 Deus
447 729 613 785 restauravit
630 729 780 787 humanam
796 733 925 788 usturam
941 747 1026 801 quam
1043 731 1084 786 in-

93 857 96 866 ,
180 815 327 883 samarit,
363 811 516 895 aequaliter
545 814 617 876 enim
648 819 797 886 utrumqne
826 816 889 872 Deo
917 815 1000 874 faeile
1029 824 1083 886 esu

179 900 229 956 sed
246 899 329 957 homo
347 903 495 968 anteum
507 903 599 968 ¹esset,
616 915 673 956 nou
691 899 819 970 peoearit
837 907 868 956 ut
886 901 947 957 fieri
965 919 1021 958 non
1037 901 1084 956 de·

174 985 266 1042 beret,
300 983 451 1054 Postquam
470 999 534 1039 vero
553 981 644 1038 faeurs
671 990 725 1053 est,
751 985 894 1055 pereundo
913 987 1026 1055 meruit,
1052 987 1116 1042 ut'l

179 1069 256 1142 quod
286 1075 316 1124 et
343 1069 380 1124 ad
412 1069 485 1140 quod
510 1069 601 1124 sautius
627 1075 669 1124 est
699 1069 841 1140 perderet,
872 1072 997 1143 quamvis
1028 1090 1084 1130 nou

176 1155 331 1227 perdiderit
353 1153 463 1212 omuino
487 1153 563 1226 quod
587 1153 679 1209 faetus
703 1161 778 1224 eret,
797 1162 829 1211 ut
847 1163 920 1212 esset
937 1158 987 1228 qui
1004 1157 1085 1228 puni·

178 1247 256 1298 retrrr
280 1245 330 1299 eut
350 1240 396 1296 eui
412 1240 491 1296 Deus
513 1239 695 1297 misereretur.
732 1240 869 1298 Neutrum
890 1241 963 1297 enim
985 1237 1118 1300 Ιιοιιιιιι8

178 1325 240 1385 fieri
263 1333 371 1396 posset,
398 1327 423 1382 si
446 1326 477 1380 in
500 1323 617 1384 nihilum
639 1326 769 1382 reduetus
794 1333 874 1384 esset
909 1325 1000 1382 Tanto
1017 1324 1118 1399 ergo9

178 1411 331 1470 mirabilius
357 1413 434 1468 Deus
462 1411 541 1467 iilum
567 1410 688 1466 restituit
710 1427 794 1482 quum
817 1411 952 1481 instituit,
980 1418 1084 1482 quanto

178 1498 234 1554 hoe
256 1496 291 1552 de
311 1503 457 1568 peccatore
479 1501 576 1552 eontra
599 1495 743 1564 meritum,
768 1495 840 1552 illud
859 1514 915 1554 non
935 1497 970 1552 de
985 1513 1083 1568 peeor-

179 1589 241 1638 tore
256 1598 307 1640 uee
326 1589 422 1638 eontra
434 1582 563 1637 meritum
579 1581 655 1637 feeit
687 1581 827 1645 Quantum
843 1583 926 1638 etium
938 1591 980 1639 est
990 1582 1084 1639 Deum
1102 1573 1134 1625 ¹⁰

180 1673 209 1726 et
224 1668 360 1724 hominem
380 1667 420 1722 sie
439 1667 470 1722 iu
492 1684 579 1722 unum
604 1667 768 1737 eonvenite,
790 1673 823 1722 ut
840 1673 951 1722 servata
970 1667 1083 1740 integri·

179 1760 235 1810 tate
258 1754 402 1824 utriusque
428 1756 548 1830 naturae
571 1750 644 1806 idem
667 1752 704 1806 sit
726 1751 808 1808 homo
826 1751 874 1836 qui
890 1751 977 1808 Deus.
1014 1751 1082 1817 Quis
1102 1745 1133 1795 ll

180 1853 244 1909 ergo
265 1842 426 1908 presumat
448 1837 494 1892 rel
518 1837 654 1910 cogitare,
677 1838 752 1908 quod
771 1837 907 1894 humanus
925 1837 1083 1895 intellectus

177 1924 270 1981 valeat
278 1929 448 1993 penetrare,
472 1939 555 1994 quum
571 1921 728 1994 sapienter,
745 1939 830 1992 quam
846 1922 1009 1978 mirabiliter
1025 1927 1084 1979 tam

176 2008 356 2066 imorutsbile
372 2025 444 2078 opus
461 2007 567 2070 fautum
584 2007 639 2063 sit‘?
675 2009 743 2062 Boe.
772 2008 918 2064 Assentior
937 2007 1004 2079 quie
1022 2006 1083 2062 uul-
1102 2003 1134 2054 12

176 2094 219 2148 lus
243 2093 326 2150 homo
353 2099 446 2165 potest
473 2093 502 2148 in
521 2093 579 2150 huo
604 2095 664 2150 ritu
686 2099 796 2150 tantum
813 2099 953 2150 ,secretum
970 2092 1083 2163 penitus

175 2180 296 2250 aperire,
327 2196 379 2238 uer
400 2183 465 2248 peto
492 2179 651 2249 aviariae,
678 2181 753 2250 quod
779 2179 873 2249 nulius
890 2178 972 2235 homo
991 2177 1083 2234 ferere
1125 2203 1127 2207 ⁴

175 2270 281 2336 potest;
307 2265 358 2320 sed
380 2269 489 2320 tentum
515 2270 651 2335 quantum
669 2271 757 2335 potes.
791 2265 860 2320 Plus
880 2264 954 2320 enim
968 2280 1080 2334 persua·
1101 2260 1132 2312 13

176 2347 255 2406 debis
272 2348 389 2406 ultiores
414 2349 443 2404 in
466 2348 520 2404 hee
543 2367 575 2408 re
597 2349 718 2406 rationes
745 2345 846 2420 lutere,
866 2347 890 2402 si
912 2348 1034 2420 aliquam
1052 2355 1081 2404 te

175 2435 370 2490 monstraveris
393 2435 500 2504 videre,
525 2453 610 2508 quam
631 2436 655 2490 si
680 2442 709 2494 te
726 2435 832 2492 nullam
848 2433 878 2488 in
896 2450 930 2489 ea
946 2433 1081 2490 rationem

175 2519 330 2590 intelligere
348 2520 418 2576 nihil
436 2520 554 2578 dicendo
571 2522 741 2592 probaveris.
778 2521 848 2576 Aer.
873 2518 963 2576 Video
980 2535 1024 2574 me
1043 2520 1080 2576 ab
1100 2515 1133 2568 14
1226 2549 1234 2566 ι

176 2605 385 2676 importunitate
405 2613 456 2666 tus
478 2624 535 2662 non
560 2622 641 2676 posse
665 2605 792 2676 liberari,
820 2605 870 2662 sed
896 2603 920 2658 si
946 2603 1081 2677 eliquato·

176 2708 229 2748 nus
246 2697 342 2761 potero
359 2693 436 2764 quod
453 2691 578 2763 postulas
598 2689 750 2759 ostendere,
767 2690 872 2762 gratias
883 2707 1000 2762 egemus
1010 2689 1096 2746 Deo'

178 2775 209 2832 Si
235 2793 300 2832 vero
326 2794 382 2832 non
410 2784 521 2850 potero,
547 2775 689 2832 sufficiant
714 2791 840 2847 eaquae
864 2793 948 2848 supra
963 2775 1082 2848 prebete

178 2867 251 2919 sunt.
288 2859 359 2918 Cum
381 2865 458 2922 enim
476 2867 586 2922 eonstat
602 2862 694 2920 Deum
710 2861 850 2920 hominem
868 2860 929 2918 fieri
946 2866 1080 2931 oportere,
1100 2859 1131 2909 15

97 2937 99 2942 ’
178 2944 295 3010 dubium
311 2963 369 3002 non
385 2953 428 3007 est
446 2945 610 3018 sapientiam
629 2951 658 3002 et
674 2946 827 3016 potentiam
846 2947 887 3013 ilii
903 2963 960 3002 non
977 2947 1081 3013 deesse,

175 3037 210 3088 ut
233 3030 287 3090 hoo
318 3031 378 3088 sins
403 3039 530 3104 peceato*
546 3030 604 3088 fist.
641 3034 711 3086 Bos.
749 3032 795 3090 ste
821 3032 940 3088 liberter
965 3031 1081 3102 soeipio.

177 3117 245 3173 Arre.
266 3116 414 3188 ‹Oportuit
439 3118 536 3190 utique
561 3123 594 3172 ut
625 3117 675 3172 ills
694 3117 829 3176 redemtio
848 3133 933 3188 quum
954 3115 1080 3174 Christum
1100 3118 1132 3169 16

177 3200 251 3272 feeit,
270 3202 415 3273 prodesset
432 3220 488 3266 uon
513 3203 602 3266 solum
625 3202 750 3274 illisqui
769 3219 802 3258 eo
820 3208 943 3274 tempore
959 3201 1080 3272 fument,
1159 3250 1162 3256 .

177 3287 230 3346 red
252 3292 280 3343 et
304 3287 374 3346 aurs
410 3286 454 3346 sir
476 3289 550 3346 enim
575 3305 624 3350 rex
645 3288 762 3361 dique,
787 3287 833 3344 eui
860 3295 935 3345 totus
960 3287 1080 3360 popum
1099 3291 1130 3342 lt

177 3387 247 3434 neo
266 3371 415 3435 ¹euiusdsur
439 3373 624 3437 eivitatissio
646 3374 786 3446 peooauit,
811 3380 927 3445 exeepto
949 3390 1005 3430 uno
1022 3374 1081 3433 solo
