2638 3818
242 293 283 360 16
427 287 973 346 s.ANSELssscANTUAR1ENsls
1068 273 1070 277 ’

191 466 223 519 19
241 459 364 519 decrevit
384 458 485 516 faeere.
519 459 618 514 Potest
640 457 693 513 hoa
719 463 747 513 et
768 475 801 514 eo
827 458 909 512 medo
934 455 1065 528 intelligi,
1090 469 1146 528 qno

240 545 315 602 idam
343 545 480 600 Dominus
506 542 637 614 legitur1)
662 544 812 613 profecisse
835 543 974 615 sapientia
1002 548 1030 598 et
1054 541 1147 613 gratia

239 629 316 700 apud
334 629 440 695 Deum,
464 646 521 683 nan
541 626 666 699 quisita
683 635 755 694 erat,
779 628 829 686 sed
846 629 912 701 quia
929 628 977 684 ille
993 628 1034 682 sie
1051 644 1082 682 se
1098 627 1147 682 ha·

238 714 339 784 bebat,
367 731 401 768 aa
420 715 444 767 si
462 714 502 769 ita
521 717 604 770 esset.
640 713 713 770 Nam
731 714 772 788 sie
791 720 855 785 post
873 719 988 770 moitem
1008 713 1145 769 exaltatus

188 810 222 862 20
239 807 294 871 est,
321 799 402 872 quasi
427 803 540 868 propter
564 797 641 853 illam
663 797 715 854 hoe
740 797 826 854 fieret.
865 798 946 864 Quod
970 805 1063 854 autem
1084 797 1146 868 ipae

238 887 292 941 ait:
315 887 385 939 Noa
406 883 470 937 verni
491 883 660 937 volantatem
683 901 774 938 meam
789 885 908 953 faeere,
933 883 985 937 aad
1001 883 1074 951 eius,
1096 897 1146 950 que

238 972 314 1026 misit
330 973 415 1034 me‚²)
442 967 499 1023 tale
524 973 578 1038 eat,
605 969 689 1040 quale
706 973 749 1024 est
768 975 796 1024 et
812 968 896 1022 illud:
923 969 993 1021 Mea
1012 967 1145 1020 doctrina

238 1075 295 1111 aaa
319 1063 358 1109 eet
380 1056 487 1122 mea;³)
513 1070 578 1108 nam
601 1055 676 1126 quod
699 1054 761 1126 quis
786 1071 843 1108 non
866 1051 951 1107 habet
976 1069 1039 1108 ase
1060 1051 1109 1106 sed
1126 1067 1145 1105 a

237 1141 313 1210 Deo,
337 1139 390 1194 hoa
413 1156 469 1194 non
484 1145 542 1194 tam
562 1157 642 1193 suum
662 1155 745 1211 quam
763 1138 819 1193 Dei
836 1135 928 1194 dicere
948 1136 1040 1192 debet.
1074 1134 1143 1194 Nul-

238 1225 282 1280 lus
298 1241 364 1281 vero
387 1225 470 1279 homo
495 1240 512 1277 a
536 1225 673 1280 sehabet
695 1224 840 1281 veritatem
866 1239 950 1293 qnam
972 1223 1066 1292 decen
1095 1227 1143 1277 aut

186 1309 339 1368 21iustam
364 1310 548 1379 voluntatem,
578 1311 628 1364 sed
650 1326 668 1364 a
687 1309 756 1364 Deo.
791 1309 856 1364 Non
879 1325 945 1380 ergo
970 1309 1046 1364 venit
1065 1305 1142 1363 chri-

237 1400 296 1450 stus
314 1395 484 1450 voluntatem
505 1411 583 1448 suam
605 1394 698 1450 faeere
717 1395 767 1448 sed
783 1393 892 1463 Patris3
919 1393 987 1464 quia
1004 1393 1079 1448 iusta
1095 1409 1143 1447 vo·

236 1480 329 1534 luntas
354 1493 437 1551 quam
463 1479 600 1543 habebat,
626 1497 683 1534 non
705 1485 764 1535 erat
786 1497 820 1535 ex
841 1478 1014 1534 humanitate
1038 1478 1088 1534 aed
1106 1491 1143 1533 ex

185 1569 218 1630 22
237 1563 389 1618 divinitate.
421 1565 548 1634 Proprie
564 1573 656 1618 autam
675 1564 754 1619 Filio
770 1581 821 1618 sao
839 1581 895 1618 aon
908 1564 1036 1635 pepercit
1053 1566 1143 1628 Dassa,

236 1649 356 1718 scalpro
373 1650 454 1702 nohis
472 1651 596 1703 omnibns
622 1649 744 1703 tradidit
767 1649 893 1716 inanest)
916 1665 974 1702 non
999 1653 1042 1702 est
1065 1645 1143 1701 uliud

236 1749 328 1804 quam,
344 1751 402 1789 non
421 1735 551 1790 liberavit
566 1735 654 1790 illum.
682 1734 754 1791 Nam
771 1733 859 1789 multa
872 1733 902 1788 in
913 1749 991 1788 saera
1005 1732 1143 1802 scriptura

184 1819 218 1871 23
234 1819 392 1875 huiusmodi
424 1819 609 1877 inveniuntur.
654 1819 713 1877 Ubi
744 1826 837 1874 antem
869 1818 951 1873 dicit:
982 1819 1085 1887 Pater,
1115 1811 1143 1870 ai

231 1905 370 1974 possibile
387 1913 435 1978 eat,
452 1914 578 1961 transeat
595 1925 616 1960 a
633 1921 676 1960 me
695 1905 771 1958 aazia
789 1905 858 1974 iate,·
881 1911 1070 1958 verumtamen
1085 1921 1142 1958 non

234 1992 306 2044 sisset
332 2007 383 2059 ayo
404 1991 483 2058 volo,
506 1994 559 2046 aad
580 1992 652 2046 sieut
676 1989 752 2060 tva-⁵)
783 1993 823 2044 et:
852 1989 881 2043 ai
900 2007 957 2044 noa
981 1988 1139 2060 potest-hie

235 2077 311 2130 calix
340 2076 477 2140 transire,
503 2077 562 2130 ns'aa'
587 2077 680 2130 bibam
703 2075 800 2144 illam,
819 2077 877 2142 fiat
894 2077 1026 2130 uoluntas
1045 2075 1140 2142 tua:⁰)

234 2161 390 2215 naturalem
409 2159 507 2214 salutis
529 2175 581 2230 per
601 2160 771 2216 voluntatem
795 2178 874 2216 snam
898 2159 1039 2232 signifieat
1056 2176 1141 2232 appe-

183 2249 217 2300 24
233 2244 331 2315 titum,
360 2261 417 2316 quo.
438 2244 560 2299 humana
577 2259 642 2299 earo
661 2243 783 2302 dolorem
802 2247 899 2302 mortis
915 2245 1049 2318 fugiebat.
1083 2244 1142 2303 Va·

233 2331 369 2387 luntatem
385 2348 450 2386 vero
466 2329 558 2386 Patris
576 2329 656 2398 dicit,
683 2348 740 2386 non
761 2333 893 2402 quoniam
910 2331 1040 2386 maluerit
1056 2331 1142 2385 Pater

233 2422 350 2472 mortem
372 2417 438 2472 Filii
466 2433 550 2488 quam
579 2416 679 2485 vitam3
706 2416 756 2472 sed
782 2416 848 2487 quia
874 2417 1026 2472 humanum
1050 2421 1143 2487 genus

232 2501 383 2573 restaurari
399 2501 513 2558 nolebat
529 2501 621 2570 Pater,
640 2500 695 2554 nisi
713 2501 818 2556 iaceret
834 2502 916 2557 homo
932 2507 990 2556 tam
1008 2513 1142 2572 magunum¹

181 2591 215 2642 25
233 2585 351 2656 aliquid,
376 2587 449 2640 sieut
472 2591 533 2641 erat
553 2603 627 2641 mors
644 2585 701 2642 illa.
736 2584 810 2651 Quia
831 2603 887 2641 non
913 2585 1046 2657 poscebat
1068 2585 1141 2640 ratio

232 2670 308 2743 quod
336 2670 407 2725 alius
444 2671 537 2728 faeere
569 2689 626 2726 non
656 2675 782 2742 poterat,
816 2671 919 2726 ideireo
952 2669 1021 2724 diait
1047 2671 1143 2726 Filius

231 2755 311 2810 illum
336 2757 409 2813 velle
433 2771 513 2811 susm
536 2762 669 2826 mortem3
698 2756 828 2827 quoniam
851 2757 912 2828 ipse
939 2754 1039 2810 maluit
1060 2755 1139 2810 illam

230 2841 298 2912 pau,
317 2858 401 2913 quam
419 2849 452 2897 ut
468 2859 556 2914 genus
573 2841 724 2896 humanum
741 2859 797 2896 non
816 2842 979 2911 salvaretur3
1004 2857 1038 2895 aa
1056 2841 1081 2896 si
1097 2841 1138 2895 ‹li-

231 2933 324 2983 aeret:
355 2927 485 2999 queniam
512 2943 569 2983 non
596 2927 638 2981 vis
662 2927 743 2982 aliter
763 2926 1015 2982 reconsiliationem
1039 2926 1136 2982 mundi

230 3011 302 3080 flaui,
329 3010 391 3067 dieo
415 3018 444 3068 te
470 3013 522 3068 hoe
546 3013 630 3068 modo
653 3013 726 3068 vella
745 3018 860 3068 mortem
877 3025 981 3084 meam
1002 3011 1053 3067 fiat
1069 3027 1137 3084 ergo

283 3233 285 3242 ι
302 3202 326 3263 1)
346 3198 402 3255 Ofr.
424 3199 494 3254 Luc.
514 3205 537 3268 2,
559 3205 600 3254 52.
619 3229 653 3238 -
674 3201 701 3268 2)
722 3197 819 3254 Ioann.
834 3205 859 3268 6,
879 3205 920 3256 38.
938 3227 974 3240 —·-
991 3201 1018 3262 3)
1037 3197 1134 3254 Ioann.

229 3271 328 3390 Μ..
347 3297 389 3405 2-6,
407 3270 567 3394 gnoma.
584 3272 615 3354 a,
634 3272 674 3322 ιι.
699 3299 740 3357 -Ι
758 3275 792 3336 ι),
805 3269 903 3354 Matth.
924 3275 972 3335 ne,
991 3274 1032 3363 aa.
1053 3273 1135 3374 TW
