2638 3818
381 263 467 372 'OUR
484 309 586 370 Deus
602 309 721 369 HOMO.
754 307 838 369 111„
859 315 898 366 1a
1047 305 1094 376 23

190 490 315 542 terrenae
339 490 491 558 potestaten
512 483 566 537 hoa
590 486 666 537 reete
688 480 811 551 feriunt,
837 480 898 552 ipae
920 480 990 534 fauit
1006 479 1094 550 Deae,

186 586 207 630 ,a
224 588 279 643 quo
296 572 332 626 ad
354 571 408 626 hoe
435 571 527 640 ipsum
548 574 614 623 aunt
634 566 791 622 'ordinatae
831 567 901 620 Boe.
940 566 1094 622 Remuriati
1113 565 1145 620 tt
1211 636 1216 644 ,

190 655 412 729 repugnantiam,
436 671 520 726 quam
537 652 670 724 putabam
687 653 794 720 inesse,
820 651 870 706 aed
887 655 930 706 eat
946 650 1038 718 uliud,
1057 651 1094 707 ad
1113 676 1118 686 ’

191 743 266 814 quod
294 749 375 797 tuum
403 739 465 795 volo
491 737 594 794 habere
619 753 790 808 responsum
833 737 907 793 Nam
930 751 994 792 aum
1015 737 1095 792 Deua

190 828 230 885 aia
250 827 286 884 sit
302 827 382 896 liber,
401 832 434 881 ut
450 825 519 880 nulli
537 824 609 896 legi,
637 823 742 878 nullius
759 822 903 878 subiaceat
920 821 1039 890 iudicio,
1066 827 1096 876 et

190 914 226 969 ait
244 915 286 969 ita
311 911 464 984 benignus,
486 918 519 967 ut
543 909 614 965 nihil
635 908 785 980 benignius
811 908 927 980 eogitari
945 911 1044 979 queat,
1065 911 1095 961 et

190 997 260 1052 nihil
279 997 316 1051 sit
333 1003 436 1052 reatum
455 1003 505 1052 aut
528 998 628 1052 dacem
653 994 707 1049 nisi
726 994 802 1066 quad
819 994 880 1064 ipae
897 994 971 1048 vult:
994 993 1095 1046 mirum

189 1083 310 1150 videtur,
329 1083 352 1136 ei
370 1083 486 1138 dicimus
506 1083 573 1152 quia
586 1079 745 1135 nullatenus
762 1078 825 1133 vult
839 1085 890 1133 aut
907 1097 964 1134 non
984 1078 1011 1134 ei
1027 1077 1095 1134 liaet

191 1167 320 1223 iniuriam
337 1185 413 1223 auam
434 1167 588 1233 dimittere,
614 1183 633 1221 a
656 1181 712 1235 quo
729 1164 812 1219 etiam
829 1164 864 1220 de
881 1164 924 1218 hia
942 1181 1012 1236 quae
1032 1164 1094 1220 aliia

190 1253 317 1322 facimus,
334 1253 454 1308 solemus
471 1251 674 1324 indulgentiam
690 1255 794 1321 petere.
830 1250 899 1303 Am.
918 1250 1025 1306 Verum
1043 1257 1094 1323 eat,
1113 1247 1146 1301 Η

192 1338 268 1410 quod
287 1337 354 1393 dieis
373 1339 407 1394 de
424 1338 553 1394 libertate
571 1343 599 1392 et
614 1336 759 1392 voluntate
776 1341 805 1392 et
817 1334 990 1406 benignitate
1001 1335 1093 1406 illius3

193 1424 243 1480 sed
262 1423 302 1478 sie
319 1440 365 1479 eae
384 1424 517 1480 debemus
539 1421 741 1478 rationabiliter
758 1421 928 1493 intelligere,
952 1428 985 1477 ut
1003 1421 1094 1493 digni-
1147 1486 1149 1490 Ι

192 1509 245 1568 tati
262 1509 337 1564 illius
356 1526 412 1566 non
429 1508 573 1564 videamur
598 1523 762 1579 repugnare.
799 1507 928 1562 Libertas
948 1507 1019 1564 anim
1039 1524 1095 1562 non
1114 1489 1149 1541 ¹⁵

193 1599 236 1650 est
256 1594 309 1648 nisi
329 1595 365 1649 ad
383 1595 449 1661 hoe,
472 1593 547 1666 quod
571 1593 683 1663 expedit
699 1598 749 1647 aut
765 1593 840 1664 quod
859 1594 952 1661 decet,
978 1613 1029 1650 nee
1047 1595 1095 1650 be·

192 1679 313 1752 nignitaa
331 1679 449 1736 dicenda
472 1685 526 1748 eat,
551 1695 624 1750 quae
640 1678 748 1750 aliquid
765 1679 826 1735 Deo
852 1678 983 1736 indecens
1000 1696 1096 1750 opera-

190 1771 242 1820 tur.
269 1765 365 1838 ,Quod
389 1771 481 1820 autem
506 1765 618 1834 dieitur,
646 1765 714 1836 quia
736 1764 812 1837 quod
837 1764 898 1819 vult
917 1763 1021 1818 iustum
1045 1769 1096 1834 eet,
1116 1746 1151 1798 ¹⁶

191 1857 219 1907 et
236 1852 311 1923 quod
336 1868 393 1906 non
415 1851 477 1904 vult
500 1850 603 1905 iustum
621 1861 678 1904 non
694 1851 780 1918 est,¹)
808 1850 922 1904 nonita
938 1847 1095 1921 intelligen-

193 1937 259 1992 dum
277 1941 328 2006 eet,
345 1943 377 1990 ut
395 1936 419 1989 si
435 1936 513 1992 Deua
527 1935 595 1990 velit
612 1934 757 2007 quodlibet
766 1934 970 2002 inconvenieus,
989 1934 1093 1989 iustum

192 2023 240 2092 ait,
269 2021 337 2093 quia
359 2020 419 2091 ipse
442 2021 511 2075 vult.
536 2020 610 2076 ‘Non
634 2020 708 2076 enim
730 2003 868 2092 sequitur,
891 2019 914 2074 ei
933 2019 1011 2074 Deus
1034 2018 1097 2072 vult
1115 2001 1147 2058 Π

192 2107 310 2176 mentiri,
327 2107 430 2160 iustum
448 2123 507 2161 ease
524 2103 642 2174 mentiri,
660 2106 709 2160 aad
725 2107 817 2178 potius
835 2105 927 2161 Deum
945 2104 1024 2159 illum
1040 2122 1097 2160 non

193 2209 261 2248 esee.
307 2192 380 2248 Nam
408 2205 584 2261 nequaquam
608 2198 701 2261 potest
725 2190 798 2248 velle
824 2191 934 2246 mentiri
958 2191 1097 2262 voluntas,

191 2278 246 2333 niai
268 2277 298 2331 in
320 2293 376 2349 qua
400 2281 596 2356 corruptassest
620 2277 736 2346 veritas,
763 2277 819 2331 imo
845 2293 917 2347 quae
946 2277 1097 2332 deserendo

193 2363 338 2418 veritatem
359 2367 490 2431 corrupta
508 2365 558 2416 est.
593 2361 664 2417 Cum
675 2368 748 2434 'ergo
766 2361 881 2416 dieitm:
900 2363 923 2414 ai
942 2361 1019 2415 Deua
1037 2361 1098 2415 vult
1117 2347 1148 2400 ¹⁸
1197 2361 1199 2366 '
1267 2341 1269 2344 ¹

195 2448 322 2518 mentiri,
349 2465 406 2502 non
425 2452 467 2502 eat
488 2446 573 2523 aliud,
592 2463 689 2518 quam:
707 2448 732 2502 ai
751 2447 829 2502 Deus
846 2445 911 2500 talia
929 2450 972 2500 eet
989 2443 1098 2517 natura,

197 2546 268 2600 quae
284 2531 353 2586 velit
369 2531 496 2602 mentiri,
521 2532 669 2598 etidcirco
689 2548 746 2586 non
765 2529 900 2602 sequitur,
918 2531 1021 2588 iustum
1038 2550 1098 2589 ease

196 2616 383 2686 mendacium,
407 2616 462 2671 niai
485 2617 526 2672 ita
549 2615 735 2686 intelligatur,
763 2613 836 2669 sieut
854 2632 917 2672 eum
936 2618 971 2674 de
990 2618 1099 2675 duobus

195 2699 411 2769 impossibilibus
432 2702 563 2757 dicimus:
590 2702 614 2756 ei
638 2700 690 2756 hoa
714 2706 767 2764 eat,
791 2699 861 2754 illud
884 2710 938 2774 est3
964 2704 1029 2775 quia
1046 2719 1100 2758 nea

196 2784 251 2840 hoe
266 2802 317 2841 nec
333 2786 404 2842 illud
422 2793 480 2856 est,
499 2792 533 2841 ut
550 2786 575 2840 ai
593 2786 656 2858 quia
674 2785 763 2841 dieat:
787 2786 811 2840 si
831 2803 905 2858 aqua
922 2792 965 2842 eat
982 2786 1055 2842 sicea
1071 2791 1100 2840 et

196 2869 271 2941 ignia
296 2877 338 2926 eat
362 2872 507 2941 humidum
539 2877 668 2926 neutrum
693 2871 769 2927 ,euim
793 2889 889 2928 verum
916 2876 964 2926 eat
999 2871 1098 2940 Itaque

197 2955 233 3011 de
250 2954 306 3009 illie
324 2961 432 3012 tantum
450 2962 494 3012 eat
511 2973 608 3012 verum
628 2955 734 3012 dicere:
760 2958 784 3011 ai
803 2955 880 3012 Deua
901 2956 954 3032 hee
971 2953 1040 3022 vult,
1057 2953 1098 3008 iu·

194 3046 269 3096 atum
295 3047 353 3108 eat,
381 3059 453 3114 quae
476 3041 569 3097 Deum
593 3041 666 3097 velle
691 3058 749 3098 non
774 3045 816 3097 eat
833 3039 1036 3096 inconveniens.
1071 3037 1101 3096 Si
1119 3032 1152 3084 ¹⁹

266 3301 292 3367 1)
311 3297 369 3353 cn.
387 3296 566 3363 Proalogium
584 3311 609 3349 e.
624 3300 669 3350 11:
688 3293 739 3376 ,Id
756 3293 845 3348 aulum
858 3292 962 3347 iustum
974 3298 1016 3349 eat
1026 3293 1103 3365 qnod

195 3367 293 3433 viaet
309 3384 365 3424 nan
382 3365 486 3422 iustum
504 3363 580 3436 quod
595 3377 652 3418 uon
667 3363 736 3418 vra.“
897 3401 898 3408 ,
