2638 3818
455 273 674 383 amarando
692 320 880 382 numuma
991 305 994 318 '
1116 324 1149 370 ¹1

189 499 426 567 eooiesiastioae
443 521 472 564 a.
489 498 520 563 S.
536 497 687 564 Anselmo
703 504 814 564 eontra
829 497 1023 564 Guilelmum
1037 519 1148 584 regem

189 594 352 670 suseepta;
384 603 468 668 quae
500 582 574 647 dum
603 584 811 668 gerebantur,
845 589 954 648 nostro
987 585 1149 670 denegata

111 680 115 690 ‘
189 677 238 736 est
259 691 277 736 o
301 669 482 756 portunitas
498 687 595 753 saepe
616 670 650 734 in
665 668 866 734 remotiorem
882 688 1028 734 camerae
1044 672 1148 736 looum

189 775 261 822 seue
285 756 360 820 endi
383 753 636 836 coelestibusque
661 753 774 818 sbrdiis
796 752 1001 838 inhaerendi;
1031 775 1070 819 ao
1093 777 1148 822 va·

189 841 256 906 riae
289 837 510 904 tribulationes
542 857 615 903 erum
652 843 839 922 coegerunt,
873 837 906 902 in
940 839 1148 923 longinquum

189 933 315 1010 tempus
337 922 463 988 differre
479 923 649 988 voluminis
668 923 755 991 iliius
777 924 884 1008 eoepti
906 927 1149 992 consummatio-

188 1031 273 1075 nem.
316 1008 457 1074 Tandem
486 1007 609 1073 flumini
637 1029 672 1074 so
701 1009 830 1074 obvium
855 1009 938 1075 ferre
967 1011 1070 1076 solum
1091 1011 1149 1075 im-

189 1101 305 1180 potens
338 1093 380 1158 ad
410 1093 519 1160 aedem
552 1094 762 1177 apostolieum
801 1093 959 1177 ooniugit3
998 1095 1032 1160 id
1065 1095 1149 1180 quod

191 1197 291 1263 supra
317 1197 390 1263 pag.
418 1181 447 1244 V
480 1178 710 1244 enarravimus.
765 1179 827 1242 Per
854 1179 915 1245 hoo
947 1187 1053 1245 autem
1082 1182 1149 1247 exi-

191 1264 270 1328 lium
297 1261 444 1328 Italioum
470 1263 631 1330 Iohannes
661 1264 771 1328 Abbas
800 1265 944 1329 ooenobii
974 1265 1005 1330 S.
1036 1267 1148 1332 Salva-

192 1349 270 1414 toris
292 1349 377 1434 apud
398 1349 539 1415 Teiesim
562 1349 595 1413 in
621 1348 779 1434 Capuana
800 1350 967 1432 provinoia
989 1352 1051 1436 siti,
1074 1352 1156 1430 olim
1228 1369 1230 1378 ’

192 1434 364 1500 Mouaohus
387 1435 558 1500 Beooeusis
588 1439 620 1498 et
642 1434 674 1498 S,
696 1434 840 1500 Anselmi
863 1434 1054 1521 disoipulus,
1082 1458 1148 1504 ma-

194 1519 324 1602 gistrum
346 1519 544 1586 carissimum
567 1527 603 1584 ut
619 1519 652 1583 in
666 1519 768 1603 ipsius
785 1519 863 1584 villa
879 1519 1008 1586 Solaria
1022 1543 1150 1590 menses

192 1625 219 1668 a.
250 1606 331 1670 1098
365 1605 505 1670 aestivos
537 1604 731 1687 transigeret
762 1605 964 1689 hospitaliter
991 1608 1150 1674 invitavit.

191 1688 261 1754 Huo
283 1691 393 1773 itaque
415 1689 553 1754 devertit
574 1691 648 1754 exul
671 1696 703 1754 et
718 1689 779 1754 hae
800 1690 833 1753 in
850 1691 1047 1758 habitatione
1062 1715 1150 1758 mon·

190 1779 283 1840 tuosa
304 1775 531 1857 turbarumque
553 1776 689 1839 tumultu
705 1795 809 1840 vaoua
827 1776 957 1840 vaeavit
972 1775 1024 1842 die
1042 1786 1150 1844 nootu-

191 1879 252 1942 que
275 1879 347 1923 oum
371 1859 500 1925 divinae
523 1859 784 1943 oontemplationi
804 1866 870 1924 tum
891 1863 1031 1926 seeundo
1050 1867 1152 1930 nostri

190 1950 347 2009 traotatus
389 1945 469 2009 libro
513 1944 724 2028 oondoiendo,
775 1965 967 2028 quamquam
1011 1949 1151 2032 spatium

192 2029 433 2111 quaestionibus
456 2049 538 2113 quae
566 2031 749 2095 restiterant
774 2029 950 2096 enodandis
974 2033 1052 2097 satis
1078 2052 1151 2097 oon·
1205 2039 1216 2053 ⁴

157 2157 163 2170 .
191 2133 305 2196 gruum
347 2121 461 2179 naotus
504 2133 567 2178 nou
610 2121 668 2180 est.
734 2117 773 2180 In
806 2117 957 2200 Angiiam
993 2137 1151 2204 reversus,

192 2198 303 2282 sotipti
335 2198 433 2264 totius
463 2199 683 2283 apographum
717 2220 776 2283 per
810 2203 983 2268 monachos
1013 2203 1150 2269 Cantua-

192 2284 315 2348 rieuses
347 2290 492 2348 auratum
524 2304 607 2349 anno
630 2284 740 2349 'ferme
770 2287 853 2351 1104
881 2288 1030 2353 Paaohali
1058 2289 1152 2356 huius

191 2369 329 2434 nominis
351 2368 492 2434 seeundo
514 2367 624 2453 Papae
646 2370 831 2435 transmisit.
842 2367 868 2457 1)
1160 2447 1162 2457 Ι

255 2451 370 2529 Quoad
399 2457 529 2517 indolem
559 2455 666 2538 operis
686 2458 908 2540 *internamque
939 2459 1153 2542 oeconomiam,

155 2589 157 2593 Α
194 2536 227 2600 id
243 2558 356 2620 ·quare
388 2538 587 2622 inscripserit
626 2539 711 2622 „Gur
743 2539 832 2606 Deus
863 2540 1003 2624 Homo,“
1035 2541 1152 2625 quidve

194 2620 289 2686 fuerit
310 2643 366 2689 our
386 2624 420 2688 in
439 2624 537 2689 libros
558 2624 741 2689 distinxerit
761 2624 849 2708 duos,
873 2645 911 2691 ao
933 2627 1028 2708 quale
1043 2631 1152 2693 eorum

195 2705 238 2770 sit
271 2707 441 2774 disorimen
473 2709 653 2793 materiale,
686 2731 729 2766 ——r
761 2709 793 2774 S.
821 2711 992 2777 Auseimus
1020 2711 1032 2775 i
1056 2733 1091 2777 se
1118 2711 1153 2775 in

194 2789 398 2859 Praefatione
426 2813 485 2859 sua
510 2795 668 2878 exposuit.
723 2793 854 2878 Dialogi
884 2801 990 2862 autem
1032 2815 1152 2861 ormam

194 2875 231 2940 L.
253 2876 271 2940 1
291 2899 315 2942 o.
340 2881 357 2943 1
383 2897 408 2944 s.
431 2877 451 2944 f.
471 2879 544 2948 ideo
567 2899 601 2944 se
623 2878 740 2944 fatetur
755 2877 959 2963 adhibuisse,
982 2877 1153 2964 „quoniam

196 2979 237 3024 ea
266 2982 348 3044 quae
375 2985 434 3047 per
462 2965 746 3048 interrogationem
778 2972 810 3029 et
838 2965 1078 3048 responsionem
1107 2963 1153 3029 in·

195 3045 408 3134 vestigantur,
439 3049 546 3115 multis
573 3057 606 3114 et
633 3050 773 3114 manime
801 3049 993 3114 tardioribus
1014 3049 1154 3132 ingeniis

194 3131 301 3214 magis
322 3140 435 3220 patent
461 3141 493 3200 et
518 3133 592 3200 ideo
620 3135 692 3219 plus
723 3133 888 3218 plaoent;“
917 3132 1002 3218 quod
1025 3135 1153 3218 quidem

267 3409 291 3474 l)
310 3403 365 3459 cfr.
387 3403 413 3460 S.
433 3405 502 3459 Ans.
523 3405 719 3474 Epistularum
737 3401 800 3456 Lib.
818 3401 869 3471 Iv,
888 3408 949 3485 ⁵⁵&
