2630 3812
363 291 446 354 GUR
462 293 564 354 DEUS
579 293 699 354 HOMO.
734 295 896 360 lirare
1029 305 1087 374 ,67

175 461 389 534 ‚mtisfaoieuda
416 469 448 520 ut
463 463 554 536 magis
571 483 602 526 ce
618 483 675 525 non
691 467 883 540 poenituere?
918 470 986 528 Bes.
1022 471 1087 530 Non

183 551 227 600 est
245 547 351 622 aliquid
369 548 569 610 rationabilius,
603 553 673 608 Am.
690 551 769 614 Nihil
786 559 878 613 autem
896 554 1020 626 aspol'iuo
1037 564 1088 618 aut
1103 559 1135 613 21

184 629 325 690 difficilius
349 638 442 708 potest
463 633 546 692 homo
569 635 608 693 ad
629 636 763 696 honorem
787 637 843 710 Dei
863 644 963 710 sponte
978 645 1007 698 et
1029 658 1086 702 nou

183 733 218 770 ex
237 718 331 773 debito
347 719 407 790 peti
425 735 509 792 quem
527 727 651 790 mortem,
665 729 696 780 et
714 723 872 788 ntrllstenus
891 721 1012 794 seipsum
1023 731 1085 796 pot·

182 808 225 857 est
247 802 329 858 homo
353 804 443 876 magis
466 804 534 861 dare
549 804 624 875 Dec,
649 824 733 878 quam
755 825 819 864 cum
841 827 871 865 re
892 807 974 863 morti
998 809 1085 865 tradit

180 885 218 938 ad
233 885 364 945 honorem
381 888 465 950 illiue.
500 893 568 946 Bos.
607 891 682 950 Vera
703 901 769 951 sunt
792 892 883 950 omnia
902 893 980 953 heae.
1013 897 1083 952 Aac.
1096 895 1135 951 ,22

181 969 280 1028 Talem
298 991 364 1046 ergo
383 975 491 1046 oportet
508 994 572 1034 eum
588 994 662 1046 esse,
687 976 734 1046 qui
757 993 809 1050 pro
832 985 948 1052 peccato
965 978 1084 1038 hominis

180 1057 341 1131 satisfecere
363 1060 449 1130 volet,
471 1066 504 1116 ut
524 1061 595 1116 mori
615 1061 704 1132 possit
731 1061 755 1116 si
779 1061 854 1118 velit.
888 1067 957 1120 Boc.
992 1063 1083 1121 Video
1100 1068 1134 1124 23

180 1142 319 1206 hominem
336 1144 415 1202 illum
429 1145 522 1218 plane,
540 1163 623 1220 quem
639 1145 805 1221 quaerimus,
822 1147 906 1206 talem
923 1166 986 1206 esee
1003 1165 1083 1226 opor·

180 1233 253 1297 tero,
282 1228 330 1302 qui
357 1247 409 1286 nec
437 1248 472 1288 ex
502 1231 667 1291 necessitate
697 1227 843 1301 moriatm,
876 1233 1006 1304 quoniam
1030 1235 1083 1291 erit

165 1313 369 1393 Δοιιιιιίιιοὲιιιιιι
400 1334 453 1374 nec
486 1334 521 1374 ex
549 1317 655 1388 debito,
686 1317 753 1390 quia
782 1333 923 1388 nunquam
952 1324 1083 1389 peccator

178 1397 246 1468 erit,
264 1406 293 1457 et
308 1402 378 1458 mori
389 1402 478 1473 possit
490 1420 523 1460 ex
540 1403 629 1460 libera
646 1405 797 1473 voluntate,
816 1401 882 1474 quis
898 1401 1082 1464 necessarium

178 1483 238 1541 erit
272 1487 343 1544 Aac.
377 1486 449 1544 Sunt
470 1495 499 1546 et
524 1488 580 1544 elia
604 1489 707 1560 multa,
729 1505 778 1546 cur
800 1505 863 1546 eum
885 1485 967 1544 valde
983 1503 1081 1544 conve·
1098 1483 1133 1538 24

177 1569 237 1626 nint
260 1570 403 1627 hominum
430 1571 638 1630 similitudinem
663 1582 691 1631 et
715 1572 949 1632 conversationem
975 1572 1081 1646 absque

176 1661 292 1726 peccato
313 1654 428 1725 habere,
452 1673 523 1728 quae
546 1657 655 1739 facilius
683 1664 711 1716 et
738 1659 840 1716 clarius
862 1673 913 1727 per
937 1663 1081 1726 repetent

176 1739 206 1796 in
224 1739 283 1795 eins
300 1740 359 1797 vita
375 1749 403 1798 et
421 1742 564 1819 operibus,
590 1760 673 1813 quam
690 1745 766 1800 velut
782 1749 847 1800 ante
864 1739 1080 1812 experimentum

178 1825 238 1898 sole
265 1825 373 1898 ratione
403 1829 551 1886 monstrari
579 1829 694 1902 possint
749 1827 817 1894 Quis
849 1826 922 1886 enim
952 1825 1078 1896 explicet,
1093 1827 1129 1884 25

177 1927 260 1982 quam
278 1913 447 1983 necessarie,
475 1931 558 1984 quam
583 1913 723 1986 sapienter
748 1913 853 1968 factum
876 1911 912 1966 ait
916 1913 952 1980 ,¹)
977 1917 1008 1965 ut
1031 1909 1079 1966 ille

177 1994 225 2066 qui
249 1994 373 2054 hemines
395 2005 455 2054 erat
478 1998 653 2056 redemturus
676 2004 704 2052 et
727 1997 762 2052 de
781 1996 827 2050 via
849 1995 945 2052 mortis
969 2001 996 2049 et
1016 2013 1078 2066 per·

174 2079 288 2136 ditionis
307 2080 344 2134 ad
365 2080 439 2138 viam
463 2083 537 2138 vitae
560 2089 588 2140 et
608 2081 788 2152 beatitudinis
808 2086 936 2138 aeternae
954 2079 1078 2136 docendo

175 2167 349 2236 reducturus,
366 2183 431 2224 cum
448 2167 604 2226 hominibus
620 2175 827 2225 conversaretur
844 2167 896 2222 et
888 2185 917 2220 m
935 2164 997 2238 ipsa
1014 2183 1077 2220 ecn-

174 2252 343 2348 versatione,
369 2268 433 2308 cum
452 2269 499 2311 eos
517 2253 628 2310 doceret
646 2252 731 2308 verbo
750 2251 869 2324 qualiter
884 2251 977 2306 vivere
994 2249 1076 2305 debe·

175 2342 249 2404 rent,
273 2337 394 2408 seipsum
418 2340 573 2411 exemplum
592 2335 761 2408 praeberet?
797 2336 961 2412 Exemplum
983 2340 1076 2388 autem
1093 2327 1127 2380 26

174 2421 296 2490 seipsum
315 2424 451 2494 quomodo
470 2424 548 2480 duret
566 2423 681 2481 infirmis
694 2430 722 2478 et
733 2419 902 2489 mortalibus,
921 2427 952 2474 ut
962 2425 1076 2490 propter

174 2504 288 2563 iniurias
312 2518 361 2564 aut
385 2508 565 2564 contumeliae
587 2512 636 2562 ent
660 2506 766 2562 dolores
790 2511 839 2560 aut
862 2509 977 2559 mortem
1000 2521 1018 2558 a
1035 2503 1076 2559 iu·

174 2591 252 2646 stitia
267 2609 323 2648 non
339 2594 510 2662 recederent,
537 2593 561 2646 si
587 2592 678 2665 ipsum
702 2592 770 2648 haec
792 2589 884 2646 omnia
899 2589 1001 2645 sentire
1019 2607 1075 2644 non

171 2680 371 2752 agnoscerent?
718 2667 723 2676 ’

252 2850 321 2935 12·
368 2887 435 2939 Boe.
474 2883 575 2940 Omnia
596 2882 666 2936 haec
688 2883 815 2950 patenter
837 2876 986 2932 ostendunt
1009 2892 1073 2932 eum
1092 2879 1104 2930 1

173 2967 318 3022 mortalem
339 2974 368 3022 et
392 2968 625 3024 incommodomm
648 2971 803 3021 nostrorum
827 2961 991 3032 participem
1013 2977 1073 3016 esse

173 3058 308 3122 oportere.
344 3051 398 3107 Sed
420 3053 491 3108 haec
512 3049 605 3106 omnia
626 3045 876 3106 miseriae'nostrae
893 3053 971 3114 sunt3
994 3063 1071 3104 num-

171 3138 240 3208 quid
256 3153 323 3210 ergo
340 3138 423 3195 miser
441 3137 512 3194 erit?
546 3137 614 3190 Aac.
648 3136 844 3206 Nequaquam
866 3149 931 3188 nam
944 3131 1016 3187 sicut
1033 3131 1104 3188 adn

240 3348 265 3412 1)
279 3345 393 3412 sactum
410 3349 449 3396 eet
465 3342 572 3397 Aabc
589 3341 614 3396 B
630 3339 666 3397 D.
687 3419 689 3424 Ι

877 3429 913 3478 5*
