2638 3818
372 311 898 374 wmmum
1054 313 1177 383 ὥ·

271 482 337 574 18.
389 521 459 577 Am.
485 520 515 576 Si
525 522 543 587 ¹)
560 525 674 592 propter
699 519 833 574 iustitiam
858 534 888 572 ee
907 516 1032 588 permisit
1051 515 1128 574 ott-1
1210 537 1215 556 '

194 604 266 674 cidi,
293 624 383 662 nonne
402 607 438 662 ad
456 607 586 665 honorem
608 605 663 662 Dei
686 605 771 660 vitam
795 620 875 660 suam
898 602 993 660 dedit?
1028 601 1129 662 Bosa

194 689 225 746 Si
244 708 357 761 possum
374 691 529 763 intelligere
547 692 621 763 quod
639 708 695 746 non
713 689 819 760 dubito,
839 689 963 761 quamvis
984 707 1041 746 non
1058 691 1096 746 vi·

195 777 277 831 deam
296 778 432 848 quomodo
455 775 655 832 rationabiliter
676 776 729 831 hoe
748 774 859 845 fecerit;
882 781 991 831 etcum
1009 781 1038 832 et
1056 776 1097 832 iu·

192 861 298 916 stitiam
315 861 546 918 indeclinabiliter
562 867 590 916 et
606 860 693 916 vitam
707 877 787 916 suam
801 860 975 917 aeternaliter
987 878 1098 918 servam

193 946 329 1019 potuerit,
354 947 464 1004 fatebor
480 946 561 1000 illum
578 947 635 1001 tale
652 945 721 1018 quid
738 952 837 1017 sponte
854 947 962 1004 dedisse
979 947 1040 1004 Deo
1060 948 1098 1004 ad

192 1021 325 1088 honorem
342 1032 431 1101 illius,
453 1033 498 1087 oui
526 1023 659 1103 quiequid
685 1029 760 1100 quod
776 1030 854 1086 Deus
879 1050 935 1089 nou
958 1038 1001 1088 est
1024 1051 1096 1096 oom-

193 1118 287 1188 parari
303 1137 359 1174 non
375 1125 482 1193 potest,
506 1124 534 1172 et
558 1116 634 1188 quod
656 1132 707 1186 pro
724 1115 850 1172 omnibus
870 1119 992 1174 omnium
1010 1119 1096 1176 borni·

192 1203 260 1257 num
279 1204 378 1259 debitis
403 1203 606 1273 recompensari
621 1206 721 1274 potest.
756 1201 824 1256 Am.
859 1202 906 1257 An
923 1222 980 1263 non
998 1205 1097 1264 intelli
1115 1209 1130 1262 3

93 1363 94 1366 Ἴ
192 1287 251 1358 ¹gis,
277 1287 343 1360 quia
365 1306 428 1355 cum
452 1289 567 1344 iniurias
587 1296 616 1344 et
635 1287 815 1344 contumeliae
833 1295 861 1344 et
877 1297 993 1348 mortem
1009 1291 1098 1356 crucis

193 1387 259 1451 ¹eum
275 1373 429 1430 latronibus
454 1374 509 1430 sibi
531 1371 615 1444 (siout
631 1378 743 1443 supra²)
763 1374 892 1444 diximus)
910 1383 1024 1447 propter
1042 1376 1098 1434 ius·

193 1455 284 1514 titiam
309 1477 392 1531 quam
414 1459 574 1518 obedienter
590 1459 726 1530 servabat,
743 1459 835 1518 illatas
853 1460 975 1532 benigna
990 1461 1098 1532 patien-

193 1543 234 1598 tia
264 1545 408 1616 sustlnuit3
446 1545 601 1616 exemplum
638 1545 717 1600 dedit
753 1545 924 1616 horninibus,
960 1552 1098 1624 quatenpp

192 1636 308 1708 propter
330 1633 407 1686 nulla
431 1631 605 1687 incommoda
629 1646 702 1700 quae
729 1631 831 1686 sentire
854 1640 986 1702 possunt,
1013 1651 1032 1688 a
1056 1634 1099 1690 iu·

193 1715 269 1774 stitia
283 1734 367 1788 quam
379 1717 440 1772 Deo
456 1716 565 1784 debent,
583 1715 738 1786 declinent;
759 1716 834 1787 quod
846 1717 957 1776 minime
969 1719 1099 1790 dedisset,

193 1803 218 1878 si
241 1803 393 1858 secundum
420 1801 573 1872 potentiam
602 1817 680 1854 snam
712 1807 828 1858 mortem
849 1820 905 1874 pro⁴
929 1803 980 1860 tali
1013 1820 1099 1870 eausa

194 1887 301 1947 illatam
321 1885 505 1944 declinasset?
541 1889 608 1942 Boo.
635 1885 755 1942 Videtur
781 1887 855 1958 quod
872 1887 932 1958 ipse
949 1889 1027 1944 nulla
1044 1881 1132 1946 boo4

194 1976 350 2048 exemplum
374 1972 538 2030 necessitate
565 1972 685 2042 dederit,
710 1972 841 2043 quoniam
867 1971 947 2030 multi
966 1980 1031 2030 ante
1049 1975 1098 2030 ad·

194 2055 307 2116 'ventum
338 2060 395 2116 eius
426 2065 455 2113 et
487 2058 606 2113 Ioannes
634 2048 758 2128 baptista
784 2063 847 2129 post
866 2057 1015 2114 adventum
1033 2065 1099 2117 ante
1193 2059 1197 2064 “

194 2151 310 2202 monem
337 2143 411 2212 eius,
437 2141 545 2199 fortiter
571 2149 686 2200 mortem
712 2162 763 2215 pro
789 2143 906 2200 veritate
932 2144 1099 2202 sustinentes

193 2225 264 2302 illud
287 2229 457 2284 sufficienter
482 2228 592 2285 dedisse
619 2233 778 2284 noscuntur.
819 2229 889 2284 Am.
923 2230 1024 2287 Nullus
1048 2225 1131 2286 un·5

195 2331 280 2388 quam
308 2314 389 2369 homo
420 2320 531 2384 praeter
559 2313 638 2368 illum
669 2314 810 2370 moriendo
837 2315 898 2371 Deo
922 2315 999 2371 dedit
1023 2317 1099 2387 quod
1168 2384 1170 2387 v

194 2399 345 2472 aliquando
371 2399 535 2456 necessitate
561 2399 719 2472 perditurus
745 2416 800 2456 non
831 2405 905 2469 erat,
937 2406 987 2457 aut
1017 2401 1100 2459 solvit

195 2485 270 2558 quod
286 2502 342 2541 non
360 2484 488 2540 debebat.
524 2484 576 2541 Ille
595 2502 659 2541 vero
682 2492 782 2556 sponte
797 2485 876 2542 Patri
899 2484 1001 2543 obtulit
1023 2486 1099 2559 quod

195 2565 274 2624 nulla
290 2571 453 2627 necessitate
470 2574 594 2642 unquam
619 2569 768 2625 amissurus
796 2577 873 2642 erat,
899 2576 928 2627 et
948 2571 1032 2628 solvit
1048 2589 1100 2644 pro

195 2657 386 2728 peecamribus
407 2654 482 2728 quod
498 2672 549 2725 pro
574 2671 604 2710 se
621 2673 677 2711 nen
696 2655 824 2712 debebat.
860 2655 1035 2729 Quapropter
1051 2657 1131 2716 illst

196 2741 284 2799 multo
324 2743 411 2814 magis
443 2741 519 2796 dedit
550 2742 719 2812 exemplum,
748 2746 779 2796 ut
807 2743 996 2814 unusquisque
1023 2741 1099 2814 quod

195 2827 347 2900 aliquando
370 2828 562 2882 incunctanter
585 2826 737 2882 amissurus
760 2834 816 2897 est,
842 2845 893 2899 pro
910 2846 939 2884 se
960 2828 1021 2899 ipso
1038 2827 1098 2884 red·

196 2916 263 2982 dere
287 2912 363 2978 Deo,
390 2929 454 2968 oum
478 2911 549 2968 ratio
570 2912 707 2983 postulat,
734 2929 790 2970 non
812 2913 937 2982 dubitet,
962 2913 1011 2986 qui
1036 2929 1099 2976 cum

195 2998 354 3068 nullatenus
371 3003 420 3052 aut
436 3013 486 3068 pro
513 3013 543 3053 se
568 2995 706 3068 indigeret
729 3004 779 3055 aut
798 3004 945 3070 cogeretur
961 3013 1011 3070 pro
1029 2995 1099 3065 aliis,

197 3085 299 3158 quibus
318 3082 386 3140 nihil
402 3083 455 3138 nisi
471 3100 590 3156 poenam
609 3081 744 3151 debebat,
769 3086 828 3140 tam
846 3080 995 3152 pretiosam
1013 3079 1100 3152 vitam

269 3325 294 3394 1)
314 3323 348 3379 In
368 3323 450 3378 Mser.
466 3321 512 3377 hie
530 3320 628 3399 incipit
644 3339 667 3377 e
688 3323 727 3378 te.

267 3394 657 3480 twedam«
