2638 3818
153 301 155 372 j
243 287 285 354 14
416 283 636 346 crusnam
657 283 964 342 caurummusrs

239 451 395 510 obediendo
428 453 635 524 perseveravit„
662 455 801 510 sustinuit.
843 454 917 512 Nam
939 453 1019 510 illata
1041 459 1085 514 est
1108 453 1150 510 illl

240 554 314 594 mors
344 538 410 608 quia
436 539 558 610 perstitit
584 539 613 593 in
644 539 814 611 obedientia,
842 545 871 596 et
899 539 973 594 hane
1003 537 1150 607 sustinuit3

242 622 293 678 scd
312 625 451 694 quomodo
472 623 524 678 hoc
544 623 703 682 obedientia
725 642 781 681 non
807 627 918 699 exigat,
944 639 1000 678 non
1017 622 1149 693 intelligo.

209 709 225 759 6
243 709 313 764 Ana
334 709 364 765 Si
381 709 463 764 horno
481 725 623 779 nunquam
640 717 796 780 peccasset,
816 711 930 768 deberet
948 708 1008 780 pati
1024 715 1150 777 mortem,

209 794 292 850 taut
316 794 431 850 deberet
448 792 525 850 Deus
550 795 603 848 hoc
627 793 663 849 ab
686 793 733 848 illo
752 793 883 865 exigere?
918 796 987 848 Bos.
1012 791 1149 858 Quemad-

241 879 356 938 modum
381 877 533 948 eredimus,
556 896 608 934 nec
629 878 711 939 bomo
738 882 891 932 moreretur
915 896 968 934 nee
985 878 1038 934 hoc
1058 879 1150 950 exige·

241 970 319 1020 retur
343 963 379 1026 ab
400 962 466 1034 illo;
490 965 539 1020 sed
562 963 645 1024 huius
667 963 709 1020 rei
731 967 794 1018 ute
811 962 908 1018 audire
925 965 988 1020 volo
1004 963 1149 1018 rationem.

240 1051 311 1104 Aac.
338 1048 523 1110 Rationalem,
540 1053 695 1104 creatricem
721 1048 822 1102 iratam
836 1047 945 1102 rusam
971 1065 1043 1106 esce,
1058 1053 1088 1102 et
1112 1048 1150 1102 ad

240 1134 301 1204 hoc,
323 1139 356 1190 ut
373 1133 434 1189 Deo
452 1133 570 1191 fruendo
589 1135 672 1192 beata
691 1139 772 1202 esset,
788 1150 846 1188 non
862 1149 956 1204 negas.
988 1133 1149 1192 noanon.

103 1233 106 1236 ·
207 1220 312 1274 snm.
337 1219 399 1284 Deo
421 1227 515 1274 autem
537 1236 715 1291 nequaquam
741 1217 900 1275 aestimabis
926 1217 1089 1286 convenire,
1117 1222 1149 1272 ut

241 1320 325 1376 quam
350 1305 418 1362 fecit
442 1303 543 1360 iustum
569 1306 605 1359 ad
631 1302 848 1372 beatitudinem,
876 1308 959 1374 cogat
985 1301 1043 1356 sine
1067 1302 1151 1372 eulpa

242 1405 302 1446 esse
331 1391 477 1458 miseram
508 1390 648 1445 hominem
676 1387 750 1445 enim
778 1387 896 1442 invitum
922 1387 992 1442 mori
1018 1387 1150 1444 miserum

208 1476 224 1526 9
242 1480 292 1532 cst
328 1479 398 1534 Bos.
421 1473 516 1543 Patet,
542 1473 610 1546 quia
625 1473 650 1528 si
671 1489 727 1528 non
744 1479 889 1544 peccasset
905 1473 1000 1542 homo,
1025 1490 1082 1528 non
1102 1474 1149 1528 de-

192 1561 223 1612 lo
241 1559 321 1616 beret
345 1559 423 1614 Deus
450 1558 487 1614 ab
516 1575 549 1614 eo
579 1563 695 1626 mortem
720 1559 839 1631 erigere.
885 1560 956 1614 Aac.
990 1558 1054 1614 Non
1082 1573 1149 1630 erge

241 1643 335 1716 coligit
352 1645 430 1701 Deus
451 1642 591 1708 Christum
608 1643 690 1714 mori,
716 1644 747 1698 in
771 1661 827 1716 quc
851 1644 958 1698 nullum
980 1643 1035 1698 fuit
1051 1659 1150 1713 pecea-

239 1734 316 1800 tum3
342 1730 392 1786 sed
416 1729 478 1802 ipse
500 1734 598 1799 sponte
619 1729 751 1784 sustinuit
778 1735 910 1797 mortem,
937 1743 993 1786 uon
1017 1747 1068 1800 per
1086 1727 1151 1785 obe-

241 1813 375 1870 dientiam
400 1813 547 1870 deserendi
569 1813 656 1868 vitam
680 1814 729 1869 scd
754 1820 869 1886 propter
887 1813 1075 1870 obedientiam
1094 1832 1150 1869 ser-

240 1897 326 1952 vandi
353 1897 501 1969 iustitiam,
530 1898 557 1952 iu
589 1915 645 1969 qua
670 1905 729 1953 tam
755 1898 864 1954 fortiter
889 1899 1090 1970 perseveravit,
1118 1904 1154 1954 ut

190 1980 221 2031 11
240 1975 307 2037 inde
327 1989 442 2038 mortem
464 1981 623 2040 incurreret.
658 1973 757 2039 Potest
778 1985 867 2040 etiam
890 1983 961 2053 dici,
987 1984 1053 2054 quia
1070 1999 1149 2054 prae·

240 2067 317 2138 cepit
335 2067 377 2121 illi
394 2068 464 2122 mori
480 2069 566 2123 Pater
589 2084 652 2123 cum
679 2068 733 2124 hoc
757 2069 913 2141 praecepit,
941 2069 1016 2122 unde
1034 2067 1151 2124 incurrit
1193 2091 1198 2093 ·

239 2156 363 2206 mortem.
386 2151 444 2216 ‚Ita
462 2169 529 2224 ergo
547 2153 618 2208 sicut
634 2157 799 2208 mandatam
819 2157 898 2209 dedit
919 2153 961 2208 illi
978 2155 1083 2223 Pater,
1106 2153 1149 2208 aio

238 2235 321 2305 fecit,
349 2243 378 2291 et
402 2237 531 2309 calicem,
557 2255 636 2308 qoem
660 2241 740 2294 dedit
758 2239 797 2309 ci,
825 2239 912 2309 bibit3
940 2245 968 2292 et
988 2241 1084 2304 fartus
1098 2245 1150 2294 est

240 2322 373 2376 obediens
389 2321 469 2376 Patri
492 2341 581 2396 usquc
608 2325 644 2380 ad
662 2329 792 2396 mortem,
819 2324 904 2380 etsie
923 2325 1026 2378 didicit
1045 2341 1081 2378 ec-
1096 2325 1148 2394 bis,

240 2423 312 2477 orico
335 2425 439 2478 paam
464 2419 517 2476 est,
547 2400 748 2478 obedientiam,
778 2409 796 2464 i.
817 2427 849 2478 e,
876 2425 1020 2481 quousque
1047 2409 1149 2466 debeat

191 2489 223 2541 12
241 2495 345 2548 servari
371 2495 535 2552 obedientia
575 2495 701 2554 Verbum
728 2501 822 2550 autem
848 2495 923 2566 quod
950 2495 1073 2565 positum
1087 2501 1148 2566 est,

243 2579 363 2647 didicit,
406 2581 514 2636 duobus
549 2581 638 2636 modis
674 2580 794 2651 intelligi
827 2585 936 2651 potest.
981 2579 1041 2634 Aut
1074 2581 1148 2636 enim

241 2663 346 2718 didicit
372 2665 477 2720 dictum
504 2673 547 2722 est
571 2683 636 2738 pro:
664 2667 733 2722 alios
761 2663 828 2719 fecit
856 2664 976 2733 discere,
1005 2671 1055 2720 aut
1073 2663 1148 2736 quia,

240 2749 315 2820 quod
335 2767 386 2820 per
404 2749 547 2807 scientiam
569 2770 627 2807 non
649 2750 810 2824 ignorabat,
832 2749 1019 2819 experimento
1038 2751 1147 2806 didicit.

190 2831 222 2884 13
239 2835 323 2900 Quod
350 2842 444 2892 autern
475 2837 632 2909 apostohrs,
666 2853 729 2891 cum
760 2833 891 2888 dixisset:
922 2835 1080 2890 humiliavit
1107 2851 1147 2890 se·

238 2921 392 2991 metipsum,
419 2924 517 2989 foetus
545 2925 675 2977 obedieris
701 2937 787 2991 saque
812 2921 855 2973 ud
878 2927 1014 2989 morteto,
1032 2929 1147 2974 monem

239 3014 332 3060 actem
362 3007 468 3075 moris,
494 3005 633 3061 subdidit:
657 3015 777 3076 propter
803 3007 882 3075 quod
905 3014 931 3060 et
959 3007 1040 3060 Deua
1061 3005 1147 3076 illam

237 3091 386 3160 exabooit,
412 3098 441 3147 et
462 3091 579 3145 donavit
599 3090 647 3144 ilii
670 3108 784 3154 nomeu,
807 3093 886 3160 quod
908 3097 948 3145 est
964 3107 1050 3160 supe
1067 3107 1146 3145 omae

234 3180 377 3252 nomast)
405 3175 452 3230 eui
474 3174 562 3230 simile
587 3181 629 3230 est
650 3176 727 3246 quod
743 3175 838 3232 David
861 3175 942 3232 dixit:
971 3178 1146 3248 detonante

310 3331 337 3399 1)
353 3327 476 3399 Philipp.
495 3334 521 3399 2,
536 3313 561 3385 i.
