2638 3818
234 295 278 361 48
422 291 449 350 S.
466 291 637 348 ANSELMI
655 287 964 346 CAN'I'UARIENSIS

234 461 304 518 iacit
320 469 353 517 ut
369 479 426 517 non
442 462 554 531 reddat,
580 478 636 516 non
654 465 768 515 excusat
790 458 944 527 hominem,
969 457 994 512 si
1009 475 1066 514 non
1082 459 1145 514 red·

236 546 290 610 dit3
320 546 451 618 quoniam
481 547 612 603 effectum
641 545 750 618 peccati
777 561 834 600 non
859 551 971 600 excusat
996 551 1144 616 peceatum

236 633 312 704 quod
328 631 405 689 facit.
436 635 505 687 Bos.
525 633 563 686 Et
580 648 666 704 grave
684 630 765 684 nimis
786 636 829 686 est
848 636 876 685 et
895 629 936 684 ita
954 646 1014 685 esse
1031 645 1145 685 neeesse

186 722 285 776 11cst
319 720 390 772 Aoo.
425 717 548 772 iniustus
567 733 633 788 ergo
650 715 732 770 homo
749 722 805 783 est,
833 715 881 786 qui
898 731 955 769 non
971 715 1064 769 reddit
1082 715 1146 773 Dea

235 803 312 876 quod
331 802 422 858 debet.
458 804 527 855 Boe.
561 800 651 857 Nimis
674 804 717 854 est
737 817 847 870 verum3
872 817 938 855 nam
962 799 1080 854 iniustus
1102 804 1145 854 est

235 891 302 961 quia
330 903 387 941 non
412 885 518 955 reddit,
548 890 576 940 et
603 883 722 939 iniustus
745 890 789 940 est
814 884 880 956 quia
902 885 1018 940 reddere
1039 884 1144 956 nequit.

186 979 217 1030 12
235 975 304 1028 Aac.
328 970 430 1029 Nullus
448 974 541 1023 autem
560 967 678 1022 iniustus
697 971 860 1026 admittetur
876 970 912 1024 ad
929 970 1143 1040 beatitudinem

235 1057 380 1130 quoniam,
411 1053 643 1126 quemadmodum
673 1053 818 1109 beatitudo
848 1061 891 1110 est
920 1055 1085 1112 sufficientia
1113 1055 1144 1108 in

235 1159 291 1215 qua
311 1142 390 1196 nulla
407 1147 449 1198 est
466 1139 634 1210 indigentia,
661 1139 701 1194 sie
724 1139 796 1192 nulli
821 1140 950 1194 convenit
967 1140 1021 1194 nisi
1038 1141 1068 1194 in
1087 1156 1144 1212 quo

234 1229 275 1283 ita
290 1244 361 1299 pura
374 1233 415 1283 est
426 1224 540 1294 iustitia,
558 1232 590 1280 ut
603 1225 681 1279 nulla
692 1225 721 1278 in
734 1242 766 1280 eo
778 1225 814 1279 sit
827 1224 971 1279 iniustitia.
998 1227 1067 1279 Boe.
1079 1226 1144 1282 Non

186 1311 217 1361 13
235 1313 325 1368 audeo
348 1313 428 1367 aliter
457 1310 579 1365 credere.
614 1311 682 1364 Aac.
719 1309 773 1374 Qui
799 1327 865 1381 ergo
891 1327 947 1364 non
975 1310 1056 1367 solvit
1082 1311 1143 1366 Deo

235 1400 311 1470 quod
335 1398 429 1466 debet,
459 1413 515 1450 non
541 1395 644 1466 poterit
673 1412 734 1450 ease
758 1395 865 1450 beatus.
904 1397 973 1450 Boe.
1008 1395 1069 1451 Nec
1091 1395 1145 1450 hoc

184 1483 217 1534 14
234 1483 369 1555 consequi
385 1497 488 1552 negare
505 1499 625 1552 possum.
660 1481 729 1534 Arm.
760 1479 842 1544 Quod
859 1480 884 1534 si
901 1481 943 1535 vis
960 1480 1061 1550 dicere,
1076 1481 1144 1552 quia

233 1567 388 1623 misericors
406 1566 484 1620 Deus
502 1567 616 1621 dimittit
633 1565 803 1636 supplicanti
822 1565 898 1636 quod
916 1564 1015 1634 debet,
1040 1564 1144 1620 ideirco

234 1653 301 1724 quia
317 1652 433 1708 reddere
450 1649 560 1721 nequit,
582 1666 639 1704 non
656 1656 750 1720 potest
768 1650 823 1704 dici
842 1651 996 1720 dimittere,
1021 1649 1076 1702 nisi
1094 1653 1144 1703 aut

232 1739 283 1795 hoe
312 1738 387 1810 quod
412 1737 495 1791 homo
523 1742 621 1807 sponte
641 1735 766 1791 reddere
796 1735 879 1791 debet
905 1751 956 1790 neo
982 1739 1086 1805 potest,
1112 1733 1144 1788 id

234 1833 289 1896 est,
314 1823 389 1896 quod
411 1821 615 1892 recompensari
636 1820 725 1892 possit
749 1825 878 1891 peccato,
902 1819 977 1891 quod
1000 1817 1061 1873 fieri
1083 1834 1141 1873 non

234 1912 349 1967 deberet
366 1925 417 1979 pro
437 1907 646 1963 conservatione
664 1906 752 1960 omnis
769 1905 810 1960 rei
829 1923 901 1977 quae
918 1906 996 1960 Deus
1011 1921 1068 1959 non
1085 1908 1142 1973 est3

232 2003 282 2052 aut
311 1996 365 2050 hoo
397 1993 472 2065 quod
501 1991 642 2062 puniendo
673 1997 733 2046 erat
762 1991 905 2046 ablaturus
935 1990 1036 2060 invito,
1070 1989 1142 2044 sicut

233 2097 319 2152 supra
329 2083 349 2148 ¹)
373 2078 444 2148 dixi,
473 2077 490 2132 i.
508 2094 532 2132 e.
558 2075 777 2145 beatitudinem
806 2077 855 2132 sed
883 2077 908 2130 si
934 2075 1049 2131 dimittit
1066 2074 1142 2146 quod

234 2172 333 2238 sponte
350 2163 467 2219 reddere
485 2159 569 2215 debet
586 2159 682 2229 homo,
707 2159 772 2214 ideo
790 2159 856 2231 quia
873 2159 989 2216 reddere
1007 2177 1063 2215 non
1080 2166 1142 2230 pot·

233 2256 287 2322 est,
313 2249 382 2321 quid
405 2254 448 2302 est
471 2245 562 2315 aliud,
589 2261 673 2316 quam
697 2245 813 2300 dimittit
833 2244 912 2301 Deus
940 2247 1015 2317 quod
1039 2245 1143 2301 habere

232 2356 289 2395 non
307 2334 418 2407 potest?
454 2332 510 2388 Sed
535 2331 636 2388 derisio
659 2337 715 2400 est,
739 2335 771 2385 ut
794 2331 858 2385 talis
875 2331 1065 2387 misericordia
1080 2331 1142 2386 Deo

184 2422 215 2472 1⁵
232 2422 408 2479 attributor.
442 2419 483 2471 At
506 2417 531 2471 si
553 2417 669 2474 dimittit
692 2416 768 2487 quod
791 2417 878 2472 invito
903 2423 964 2472 erat
987 2418 1141 2487 ablauium,

207 2560 209 2565 ,
232 2513 346 2580 propter
367 2502 559 2575 impotentiam
583 2501 719 2558 reddendi
743 2503 818 2572 quod
844 2508 943 2572 sponte
961 2502 1078 2558 reddere
1096 2502 1144 2562 de

233 2593 293 2662 bet,
323 2590 431 2646 relaxat
459 2586 536 2642 Deus
564 2602 683 2656 poenam
711 2592 741 2642 et
770 2586 842 2642 facit>
865 2587 978 2642 beatum
1003 2585 1142 2641 hominem
1179 2645 1181 2652 ,

232 2681 346 2750 propter
371 2676 529 2746 peccatum,
558 2672 624 2742 quia
646 2671 731 2728 habet
757 2673 832 2744 quod
856 2672 940 2727 debet
957 2687 1015 2725 non
1031 2671 1142 2727 habere.

183 2764 215 2817 16
231 2765 306 2822 Nam
323 2762 412 2832 ipsam
435 2756 626 2828 impotentiam
650 2758 734 2828 debet
759 2775 815 2813 non
840 2755 956 2825 habere,
983 2761 1011 2811 et
1037 2756 1141 2812 ideireo

201 2898 210 2910 „
233 2847 367 2919 quamdiu
385 2845 463 2900 illam
474 2841 560 2898 habet
577 2842 635 2898 sino
653 2842 851 2906 satisfactione,
869 2846 1017 2912 peccatum
1028 2848 1071 2898 est
1083 2841 1140 2912 ffli3

231 2951 328 2990 rerum
344 2928 513 2988 huiusmodi
540 2927 728 2982 misericordie
749 2927 805 2982 Dei
830 2926 912 2980 nimis
936 2934 978 2984 est
1003 2926 1141 2984 contraria

232 3018 355 3074 iustitiae
382 3016 472 3085 illius,
502 3029 574 3085 quae
598 3029 655 3068 non
681 3012 735 3066 nisi
759 3027 879 3082 poenam
902 3011 1038 3083 permittit
1059 3009 1141 3066 reddi

183 3106 215 3165 tt
232 3109 345 3176 propter
374 3105 551 3174 peccatum..
582 3097 756 3169 Quapropter
786 3096 1018 3168 quemadmodum
1047 3095 1141 3150 Deum

233 3187 288 3244 sibi
309 3205 369 3245 esse
393 3185 576 3256 contrarium,
600 3183 642 3238 ita
665 3181 719 3237 hec
743 3182 826 3237 modo
848 3182 926 3239 illum
949 3197 1011 3237 esse
1034 3180 1140 3248 miseri

305 3341 481 3410 1)o.‚14,.5.v
548 3363 586 3391 .·
668 3361 703 3391 ;.
769 3378 816 3390 s.
