2638 3818
411 292 488 350 OUR
506 290 610 348 Daus-
623 289 751 348 Hono
775 291 799 348 1.
819 295 858 348 1⁸.
1043 291 1085 356 33

178 465 250 520 nm.
278 461 371 518 Aliam
394 462 488 519 adhuc
512 461 636 518 eiusdem
662 461 816 518 sententiae
841 477 924 531 posse
942 460 1000 516 dici·
1015 467 1084 532 puto

178 549 321 605 rationem.
352 550 422 602 Boe.
439 547 522 602 Hanc
541 553 651 618 quoque
667 546 791 618 proferre
812 546 904 602 debes.
931 547 1000 600 Am.
1020 547 1084 602 Ore·
1103 551 1135 602 27
1218 569 1220 574 ·

179 635 269 690 dimus
292 633 365 688 hane
393 631 490 686 mundi
516 632 616 688 molem
642 648 804 704 corpoream
828 632 858 686 in
883 631 982 687 melius
1006 649 1085 688 reno·

178 722 299 776 vendam
316 735 369 774 nec
385 718 439 782 hoe
456 716 579 772 futurum
600 711 669 782 esse,
687 720 775 774 donec
795 719 943 789 impleatur
953 733 1084 772 nummus

179 806 330 862 electorum
348 801 491 856 hominum
508 805 539 857 et.
552 802 603 856 illa
620 803 703 860 beata
721 803 881 875 perficiam
898 803 1009 873 civitas,
1033 819 1085 859 nec

178 898 243 963 poet
268 890 327 946 eius
349 885 546 958 perlectionem
570 886 764 942 differendum.
800 888 884 944 Unde
907 888 1001 963 colligi
1023 894 1085 959 pot·
1103 893 1136 944 28

179 984 222 1034 est
237 977 332 1030 Deum
348 971 385 1027 ab
402 970 480 1026 initio
500 972 692 1043 proposuisse,
708 979 741 1028 ut
756 978 906 1046 utrumque
925 975 1007 1030 simul
1023 992 1085 1045 per·

178 1064 290 1130 ficeret,
317 1063 452 1130 qnatenus
470 1061 499 1111 et
516 1057 606 1114 minor
623 1075 694 1129 quae
711 1058 804 1113 Deum
820 1076 876 1113 non
894 1059 1017 1130 sentiret,
1037 1077 1085 1116 na·

178 1155 244 1205 tura
261 1151 325 1200 ante
348 1143 479 1198 maiorem
503 1159 576 1213 quae
593 1142 656 1198 Deo
679 1143 735 1198 srui
756 1143 882 1213 deberet,
908 1162 1086 1217 nequaquam
1139 1155 1145 1184 ³

178 1231 368 1306 perficeretur,
393 1233 420 1284 et
443 1228 473 1282 in
497 1229 609 1282 maioris
628 1229 798 1300 perfectione
816 1235 924 1285 mumta
940 1231 970 1284 in
987 1231 1085 1286 melius

179 1336 231 1374 suo
257 1318 375 1389 quodam
402 1314 485 1369 modo
512 1314 592 1386 quasi
620 1317 879 1388 congratularetum
908 1315 964 1370 imo
996 1317 1086 1370 omnis

180 1409 306 1459 creatma
321 1404 361 1457 de
378 1408 437 1457 tam
454 1399 575 1471 gloriosa
595 1406 623 1454 et
643 1407 701 1457 tam
720 1401 878 1459 admirabili
897 1400 941 1455 sui
960 1417 1086 1456 eonsum-

180 1487 298 1543 matiene
314 1486 369 1557 ipsi
394 1485 513 1539 creatori
532 1491 561 1540 et
581 1484 634 1539 sibi
654 1485 772 1542 invicem
788 1504 915 1560 quaeque
935 1504 985 1541 suo
1003 1487 1086 1542 modo

180 1578 289 1627 aeterne
314 1569 517 1642 congaudendo
541 1569 752 1642 iocundaretur,
779 1579 916 1644 quatenus
940 1573 1015 1644 quod
1037 1589 1086 1627 vo·
1128 1614 1133 1630 .

179 1657 270 1711 luntas
290 1657 321 1712 in
343 1653 475 1710 rationali
496 1660 598 1708 natura
622 1662 721 1726 sponte
744 1657 825 1727 facit,
850 1659 903 1714 hoc
922 1665 951 1714 et
968 1660 1025 1714 iam
1044 1660 1086 1715 in-

178 1741 315 1797 sensibilis
332 1747 460 1796 creatura
476 1757 527 1810 per
544 1738 599 1794 Dei
626 1740 836 1811 dispositionem
854 1743 1019 1799 naturaliter
1040 1760 1085 1798 ex-

175 1825 291 1881 hiberet
333 1824 459 1880 Solemus
483 1841 604 1896 namque
628 1823 658 1879 in
683 1826 819 1882 maiorum
836 1835 994 1884 nostrorum
1012 1829 1085 1884 exal·
1103 1829 1136 1880 29

175 1911 281 1968 tatione
303 1911 493 1982 congaudere,
516 1916 549 1965 ut
571 1927 635 1966 cum
653 1910 683 1965 in
703 1912 839 1967 natalitiis
858 1913 1022 1968 Sanctorum
1039 1929 1084 1967 ex-

175 1995 312 2052 ultatione
329 1994 431 2050 festiva
454 1996 637 2051 iocundamur
660 1998 696 2053 ds
718 1997 809 2070 gloria
826 2013 921 2054 eorum
939 1998 1083 2054 laetantes.

177 2080 268 2146 Quam
289 2081 458 2136 sententiam
480 2082 550 2137 'nlud
570 2082 702 2138 adiuvare
720 2084 843 2154 videtur,
868 2082 935 2156 quia
952 2083 975 2138 si
991 2084 1084 2138 Adam
1102 2084 1137 2140 oo

176 2181 231 2220 non
248 2167 400 2234 peccasset,
421 2165 544 2222 differret
561 2175 654 2224 tamen
671 2169 749 2225 Deus
766 2169 844 2224 illam
864 2167 1005 2224 civitatem
1022 2185 1085 2240 per·

175 2247 274 2318 ficere,
299 2248 387 2304 donee
411 2252 549 2321 completo
577 2269 611 2307 ex
631 2255 789 2310 hominibus
814 2271 896 2326 quem
920 2255 1086 2326 expectabat

177 2351 301 2403 numero,
319 2332 374 2404 ipsi
386 2352 496 2406 quoque
513 2337 638 2392 homines
656 2337 686 2392 in
705 2353 860 2408 corporum,
879 2344 912 2394 ut
928 2340 968 2394 ita
986 2341 1084 2410 dicam,

178 2419 360 2475 immortalem
381 2426 631 2478 transmutarentur
655 2422 898 2478 immortalitatem.
932 2425 1087 2480 Habebunt
1103 2420 1134 2472 31

180 2503 253 2556 enim
274 2505 314 2562 vin
343 2506 476 2576 paradiso
505 2509 646 2579 quandam
676 2508 911 2564 inmortalitatem
937 2510 954 2564 i.
984 2527 1008 2565 e.
1037 2527 1085 2582 po·

111 2634 113 2638 Α
178 2591 307 2644 testatem
330 2607 388 2645 non
413 2593 562 2662 moriendi,
589 2594 639 2648 sed
666 2611 722 2650 non
748 2599 808 2649 erat
832 2593 995 2652 immortalis
1016 2595 1086 2652 hoec

179 2675 318 2744 potestas,
336 2675 402 2746 quia
418 2685 529 2748 poterat
545 2679 638 2749 mori,
653 2683 686 2733 ut
703 2678 812 2747 seilicet
826 2678 882 2749 ipsi
898 2699 955 2737 non
972 2686 1087 2752 possent

179 2756 257 2826 mori.
294 2758 377 2824 Quod
396 2762 450 2830 si¹)
475 2763 515 2817 ita
540 2770 593 2834 est,
617 2770 649 2819 ut
671 2763 802 2818 videlicet
824 2763 988 2820 rationalem
1008 2764 1086 2818 illam
1102 2763 1138 2822 32

181 2851 209 2898 ot
225 2843 338 2900 beatam
355 2846 496 2904 civitatem
518 2853 548 2904 et
564 2848 638 2904 hanc
655 2849 825 2904 mundanam
841 2848 1085 2918 insensibilemque

97 2937 99 2942 ’
180 2936 309 2988 naturam
328 2931 406 2988 Deus
423 2934 459 2990 ab
477 2934 557 2989 initio
582 2934 756 3005 proposuerit
773 2933 856 2988 simul
872 2933 1020 3005 perlicere,
1044 2932 1085 2986 vi·

181 3013 273 3072 detur.
284 3015 350 3087 quia
368 3024 424 3091 aut¹
433 3019 483 3075 illa
499 3019 597 3076 civitas
614 3037 671 3074 nou
689 3026 750 3074 crat
767 3019 906 3090 completa
923 3016 954 3070 in
971 3022 1085 3071 numero

181 3099 343 3171 angelorum
359 3109 423 3159 ante
444 3105 580 3161 melorum
601 3104 723 3176 ruinam,
747 3105 797 3161 sed
814 3101 980 3174 expectabat
997 3102 1085 3177 Deus,
1126 3118 1140 3163 ς

180 3192 213 3241 ut
246 3201 308 3260 eam
339 3185 373 3242 de
400 3187 556 3246 hominibus
584 3190 750 3263 compleret,
783 3188 896 3259 quando
925 3203 1086 3260 corpoream

253 3343 277 3412 l)
300 3339 359 3396 Sed
378 3343 406 3396 ci
423 3343 483 3400 Aa

887 3389 971 3482 ..3-
