2638 3818
234 279 276 346 66
414 275 441 336 S.
460 260 956 342 Absbhrssscattwanfflhffi

185 451 216 508 11
235 446 283 504 det
302 451 402 507 etnon
420 463 453 502 ex
476 446 571 506 debito
587 447 688 515 Deos)
724 451 795 505 Bor.
830 445 942 504 Itaest
976 447 1047 504 Am.
1081 445 1145 510 noe

234 537 328 588 autem
358 549 410 590 neo
441 534 494 591 sub
523 531 573 590 illo
598 547 652 588 nee
679 539 761 590 extra
792 533 870 592 illum
898 531 1017 591 inveniri
1042 538 1142 604 potest

183 623 218 681 12
235 619 304 672 Bor.
342 619 448 674 Verum
465 624 515 673 est
549 619 619 672 Am.
645 616 678 672 In
696 617 757 688 ipso
772 619 859 692 igitur
877 617 1074 676 inveniendum
1092 624 1141 675 est

235 704 305 760 Boe.
323 703 370 760 sic
387 702 520 775 sequitur.
554 704 624 758 Am.
647 700 707 758 Aut
723 701 811 773 igitur
827 703 950 774 reipsum
968 709 1019 762 aut
1035 702 1142 775 aliquid

186 794 218 847 13
235 789 272 843 de
289 805 319 846 se
336 787 421 844 dabit.
456 790 526 850 Bos.
553 787 618 844 Non
641 804 755 859 possum
773 787 852 846 aliter
870 788 1034 860 intelligere
1070 789 1141 848 Am.

236 871 431 940 Quaerendum
460 879 504 928 est
531 889 619 944 nune,
649 871 804 929 cuiusmodi
832 872 901 930 haec
929 873 1005 935 datio
1030 873 1144 936 debebit

235 975 305 1016 ease.
340 955 417 1012 Dare
439 974 559 1029 namque
582 975 613 1012 se
635 975 691 1014 non
712 955 816 1030 poterit
829 956 892 1014 Deo
912 963 962 1016 aut
978 957 1087 1030 aliquid
1108 959 1143 1017 de

236 1060 266 1100 se
284 1041 364 1112 quasi
382 1058 439 1098 non
457 1041 581 1114 habenti,
605 1050 637 1100 nt
653 1060 721 1098 suus
738 1042 790 1113 ait3
814 1042 944 1114 quoniam
961 1043 1050 1102 omnis
1067 1060 1142 1101 orea-

187 1127 220 1179 14
236 1133 301 1185 tura
319 1125 374 1182 Dei
391 1133 441 1184 est
478 1130 548 1185 Boe.
570 1128 616 1186 Sic
633 1133 684 1185 est.
723 1129 792 1183 Am.
810 1126 857 1184 sio
877 1144 943 1200 ergo
960 1128 1163 1202 intelligenda.

236 1217 279 1270 ost
297 1210 367 1269 haee
388 1211 476 1284 datio,
503 1215 569 1286 quia
592 1214 686 1287 aliquo
709 1212 792 1278 modo
809 1215 894 1282 ponet
911 1229 941 1268 ae
958 1213 995 1270 ad
1012 1213 1143 1273 honoram

235 1295 291 1353 Dei
309 1303 359 1354 aut
375 1297 481 1369 aliquid
501 1297 536 1352 de
556 1314 594 1367 se,
614 1297 769 1369 quomodo
790 1295 899 1352 debitor
915 1313 972 1352 non
990 1297 1048 1354 erit
1074 1301 1142 1355 Bos.

186 1387 218 1460 1¹5
236 1382 281 1438 Ite
300 1382 426 1453 seqnitur
446 1399 479 1438 ex
497 1400 582 1454 snpra
598 1382 689 1440 dietis.
723 1383 792 1437 Aua.
817 1381 847 1438 Si
865 1381 990 1452 dicimus,
1010 1377 1077 1456 quia
1095 1384 1149 1442 dae

235 1468 278 1526 bit
297 1467 421 1537 reipsum
443 1467 480 1522 ad
504 1467 690 1525 obediendum
712 1468 789 1537 Deo,
812 1474 844 1522 ut
860 1477 1068 1541 perseveranter
1088 1486 1143 1526 aer·

235 1553 328 1608 vando
350 1551 484 1608 iustitiam
504 1553 607 1609 subdat
628 1570 658 1609 se
683 1553 742 1610 eius
765 1553 916 1624 voluntati3
939 1571 996 1609 non
1020 1554 1073 1610 erit
1089 1554 1142 1613 boe

236 1638 317 1707 dare,
344 1638 420 1709 quod
435 1637 512 1694 Deus
536 1639 573 1696 ab
595 1639 644 1694 illo
666 1657 722 1695 non
740 1638 834 1711 exigat
854 1656 887 1694 ex
904 1639 1008 1698 debito.
1047 1638 1145 1698 Omnia

236 1723 310 1782 enim
335 1724 478 1780 rationalis
504 1725 631 1779 ereatura
658 1723 743 1779 debet
766 1723 839 1778 hano
863 1723 1049 1782 obedientiam
1071 1725 1142 1780 Deo.

187 1805 218 1856 16
235 1811 304 1864 Boe.
332 1809 395 1865 Hoc
413 1808 511 1881 negari
526 1808 632 1880 nequit
667 1810 736 1866 Am.
769 1810 835 1866 Alio
849 1809 944 1882 itaque
962 1811 1045 1867 modo
1063 1827 1143 1884 opor·

235 1899 277 1952 tet
292 1901 325 1950 ut
348 1896 397 1952 det
417 1909 447 1950 se
471 1893 562 1966 ipsum
585 1892 719 1950 Deoaut
740 1895 847 1967 aliquid
867 1895 903 1950 de
921 1911 959 1950 se.
997 1891 1066 1950 Bos.
1094 1894 1142 1951 Ad

186 1978 217 2029 17
235 1980 289 2036 hoo
305 1996 357 2034 noa
376 1979 495 2050 impellit
512 1977 592 2036 ratio.
629 1981 698 2033 Arra.
720 1978 888 2049 Videamus,
905 1979 929 2034 si
948 1980 1019 2036 forte
1037 1980 1091 2038 hoo
1107 1980 1144 2034 sit

235 2067 322 2121 vitam
341 2081 421 2120 suam
442 2064 509 2118 dare
526 2063 585 2118 sive
601 2080 706 2134 ponere
722 2063 843 2120 animam
862 2081 942 2119 suam
959 2065 1016 2122 sive
1033 2066 1143 2124 tradere

157 2172 158 2178 ι
235 2150 357 2220 seipsum
379 2148 461 2205 morti
485 2147 522 2202 ad
546 2146 679 2202 honorem
701 2148 765 2206 Dei.
801 2149 865 2205 Hoo
887 2151 962 2206 enim
987 2167 1022 2206 ex
1047 2151 1143 2207 debito

234 2234 312 2292 Deus
338 2251 395 2288 non
423 2224 526 2304 exiget
544 2233 580 2288 ab
607 2232 673 2304 ill03
704 2233 835 2310 quoniam
860 2253 982 2308 namque
1009 2252 1065 2292 non
1090 2235 1143 2291 erit

185 2317 218 2370 18
234 2325 381 2392 pensatum
405 2320 435 2376 in
457 2319 598 2388 illo,.n0n
622 2318 736 2376 debebit
752 2321 837 2390 mori,
860 2328 893 2377 ut
909 2321 1036 2377 diximus.
1072 2324 1141 2377 Bos.
1200 2341 1202 2350 s

234 2405 326 2474 Aliter
354 2407 462 2477 nequeo
493 2403 658 2475 intelligere.
698 2407 767 2463 Ans.
804 2405 1015 2470 Consideremus
1042 2407 1141 2475 adhue,

234 2496 327 2547 utrum
344 2491 386 2546 sio
403 2488 605 2546 rationabiliter
623 2490 776 2546 conveniat.
814 2495 882 2546 Boe.
906 2492 961 2547 Die
978 2497 1024 2562 tu3
1043 2499 1073 2547 et
1088 2509 1141 2566 ego

186 2573 219 2626 19
235 2574 354 2631 libenter
375 2575 495 2632 audiam.
530 2576 599 2630 Am.
633 2574 664 2631 si
686 2575 768 2630 homo
794 2593 845 2647 per
862 2576 1027 2631 suavitatem
1043 2593 1141 2652 peeca-

234 2659 282 2730 vit,
307 2676 401 2716 annon
418 2663 560 2730 eonvenit‚
584 2668 616 2716 ut
631 2679 683 2733 per
699 2661 878 2732 asperitatem
896 2660 1070 2718 satisfaciat?
1103 2662 1142 2718 Et

234 2746 333 2802 sitam
349 2745 434 2804 facile
458 2746 548 2801 ιίοιιιι
575 2735 617 2802 eat
640 2765 659 2804 a
683 2745 809 2816 diabolo,
835 2753 868 2801 ut
884 2745 976 2802 Deum
996 2749 1140 2818 peccando

234 2829 430 2901 exhonoraret,
454 2837 486 2886 ut
508 2831 618 2888 facilius
639 2849 695 2886 non
717 2837 827 2903 poeset;
852 2848 945 2887 nonne
969 2833 1072 2905 iustum
1091 2836 1141 2901 est,

233 2923 266 2974 ut
287 2917 369 2972 homo
394 2915 568 2974 satisfaciens
585 2918 646 2973 Deo
670 2933 722 2988 pro
745 2923 861 2989 peceato
878 2923 958 2973 tanta
976 2917 1142 2973 difficultate

233 3003 328 3058 vineat
344 3002 486 3059 diabolum
505 3003 542 3056 ad
558 3003 690 3058 honorem
706 3001 769 3072 Dei,
793 3007 825 3056 ut
843 3002 941 3058 maiori
959 3020 1015 3059 non
1033 3001 1140 3075 possit?

183 3077 216 3130 ²⁰
233 3089 337 3144 Annon
362 3094 405 3143 est
431 3087 560 3159 dignum,
590 3095 727 3160 quatenus
757 3089 805 3160 qui
829 3106 859 3144 ae
883 3089 922 3144 sie
945 3089 1062 3162 abstulit
1078 3089 1140 3144 Deo

234 3173 386 3243 peccando,
404 3179 437 3228 ut
455 3189 485 3227 se
502 3173 565 3243 plus
586 3172 695 3229 auferre
711 3190 768 3229 non
786 3180 891 3245 posset,
909 3176 948 3229 sie
966 3192 997 3230 se
1015 3175 1063 3230 det
1078 3172 1140 3228 Deo

304 3343 329 3414 1)
349 3340 406 3397 err.
425 3359 509 3412 supra
527 3357 551 3406 e.
570 3346 595 3396 6.
