2638 3818
245 255 289 326 50
427 255 455 314 S.
473 257 644 316 ANSEIMI
664 254 972 316 CANTUARIENSIS

211 427 228 480 2
245 429 463 488 misericordium
479 428 572 484 faeere
587 445 647 483 non
663 427 765 499 posse?
801 428 870 482 Asse.
894 425 957 482 Hes
977 423 1063 480 debes
1080 441 1157 483 nunc

245 517 283 572 nb
300 515 357 571 illis
376 517 494 590 exigere,
514 514 575 586 (qui
588 512 730 570 Christum
747 531 804 570 non
820 529 882 570 esse
900 510 1018 568 eredunt
1028 525 1155 566 neeesse·

244 601 318 658 rium
345 603 382 658 ed
404 602 482 658 illum
505 600 625 656 sulutem
647 599 776 667 hominis)
800 615 918 670 quorum
941 596 1003 654 viee
1025 596 1156 668 loqueris,

246 693 279 744 ut
308 687 418 758 diesnt,
447 686 567 759 qualiter
597 684 680 740 hemo
710 684 813 740 salvari
836 685 895 740 sine
921 681 1031 738 christo
1059 681 1156 754 pessit

211 776 228 827 3
246 773 328 840 Quod
352 773 377 827 si
398 789 455 826 non
478 777 596 842 possunt
617 769 675 826 ulie
697 769 794 840 modo,
823 769 952 824 desinent
974 784 1024 822 nos
1041 766 1157 826 irritem

244 865 274 914 et
290 858 426 914 resedent
441 862 469 911 et
486 855 606 926 iungant
622 871 652 910 se
669 852 764 924 nobis,
792 852 841 924 qui
857 869 914 908 non
930 852 1091 909 dubitamus
1107 853 1156 910 ho·

245 945 349 999 minem
378 940 482 998 sulveri
504 954 586 1010 posse
607 955 658 1010 per
680 937 837 1008 Ohristum3
854 943 913 994 ,ιιιι
932 939 1081 1009 desperent
1104 939 1157 996 hoe

212 1030 230 1082 4
246 1028 303 1084 uilo
321 1026 405 1082 modo
429 1041 512 1097 posse
532 1021 602 1080 fieri.
637 1024 720 1089 Quod
739 1025 763 1079 si
779 1025 905 1093 horrent,
933 1024 1048 1080 eredunt
1065 1023 1156 1080 nobis·

246 1129 311 1168 eum
327 1111 357 1166 in
374 1107 530 1181 Christum,
555 1116 588 1166 ut
606 1109 714 1182 possint
732 1110 858 1166 saivari(
879 1112 949 1165 Boe.
979 1108 1007 1164 A
1026 1115 1055 1164 te
1073 1125 1156 1181 qute-

244 1214 314 1268 rem,
331 1197 405 1253 sieut
422 1197 526 1268 incepi,
545 1202 579 1252 ut
596 1197 726 1252 ostendes
745 1195 821 1266 mihi,
845 1211 901 1267 que
917 1193 1024 1250 ratione
1035 1194 1157 1252 salvetur

213 1284 325 1340 5h0mo
349 1301 400 1355 per
422 1282 570 1338 Christum.
606 1283 676 1337 Ans.
703 1282 803 1339 Nonne
826 1279 997 1336 sufficienter
1021 1279 1156 1352 probatur

244 1387 296 1440 per
312 1368 453 1424 Christum
469 1367 609 1423 hominem
627 1383 709 1439 posse
731 1366 848 1436 salvari,
872 1382 936 1422 eum
954 1365 1039 1423 etism
1057 1365 1155 1422 infide·

244 1455 285 1510 les
304 1472 362 1509 non
386 1461 491 1524 negent
515 1453 655 1510 hominem
678 1453 736 1508 uilo
759 1452 841 1509 modo
861 1469 943 1524 posse
958 1447 1019 1507 fieri
1036 1452 1156 1522 beatum,

246 1545 274 1595 et
299 1539 368 1596 satis
393 1546 534 1596 ostensum
561 1538 609 1608 sit,
641 1539 712 1610 quis·
737 1539 761 1594 si
783 1538 911 1611 ponimus
934 1537 1076 1594 Ohnsmn
1100 1554 1156 1594 non

211 1629 320 1695 desse,
351 1625 536 1682 nullumodo¹
562 1629 654 1696 potest
679 1624 796 1680 inveniri
824 1625 901 1679 salus
924 1623 1062 1684 hominis?
1096 1624 1157 1679 Aut

245 1710 318 1766 enim
350 1728 401 1782 per
425 1710 567 1766 Christum
601 1716 651 1766 eut
678 1710 734 1766 elio
764 1711 860 1781 alique
887 1715 937 1764 ιιιι
967 1707 1045 1764 nullo
1073 1709 1156 1766 medo

244 1797 347 1867 poterit
376 1796 459 1852 hemo
488 1797 583 1851 snlnu
615 1811 692 1866 esse3
723 1801 892 1867 quapropter
922 1793 947 1848 si
975 1794 1078 1852 falsum
1104 1800 1157 1864 est,

245 1883 312 1954 quie
337 1882 415 1937 nullo
441 1888 491 1938 eut
513 1881 608 1952 aliquo
633 1881 688 1936 alio
710 1879 795 1935 modo
820 1883 913 1950 potest
931 1881 987 1937 hoe
1009 1899 1083 1946 esse,
1108 1899 1155 1938 ne·

212 1974 322 2025 deesse
354 1974 396 2024 eet
426 1967 487 2024 fieri
515 1985 565 2039 per
595 1966 744 2022 Christum.
800 1967 868 2020 Bos.
908 1965 939 2023 Si
968 1968 1030 2038 quie
1058 1967 1155 2024 uidens

244 2053 380 2108 rationem
399 2053 466 2124 quis
485 2052 540 2108 elio
558 2052 640 2108 modo
659 2068 716 2107 non
739 2055 926 2121 potestesse,
953 2055 982 2106 et
1002 2068 1059 2106 non
1076 2053 1157 2110 intel·

245 2138 337 2209 ligens
360 2153 416 2208 que
438 2139 546 2192 retione
568 2155 619 2208 per
643 2135 784 2192 Christum
809 2151 869 2191 esse
894 2137 999 2206 velent,
1032 2153 1156 2194 asserere

244 2221 323 2290 velit,
348 2221 415 2293 quie
439 2239 491 2278 nee
515 2241 566 2295 per
586 2223 727 2279 Christum
751 2238 803 2276 nee
822 2220 881 2276 ullo
899 2221 982 2278 mode
1000 2229 1085 2294 queat
1102 2222 1156 2278 hoe

210 2303 320 2362 desse:
352 2306 516 2393 quid0huie
542 2307 792 2381 respondebimus?
840 2308 910 2362 Am.
940 2307 1015 2372 Quid
1042 2325 1154 2378 respon-

245 2382 368 2447 dendum
399 2399 441 2449 est
470 2394 525 2466 illi,
555 2396 604 2467 qui
633 2396 737 2450 ideireo
766 2393 866 2450 astruit
896 2409 956 2448 esse
983 2392 1155 2465 impossibile

243 2477 320 2549 qnod
337 2494 450 2534 neeesse
466 2487 510 2536 eet
527 2497 601 2552 esse,
620 2481 687 2552 quie
703 2479 806 2550 nescit,
833 2479 971 2550 quomodo
990 2478 1047 2532 sit?
1083 2481 1153 2536 Bes.

243 2560 318 2626 Quis
334 2562 466 2634 insipiens
483 2572 534 2622 est
570 2569 641 2622 Are.
666 2565 907 2622 contemnendum
927 2570 970 2620 est
992 2581 1059 2636 ergo
1078 2563 1153 2636 qued

244 2645 320 2702 dicit
354 2649 425 2703 Bos.
460 2649 565 2706 Verum
594 2656 652 2720 est3
678 2650 728 2706 sed
749 2650 803 2706 hoe
828 2649 920 2720 ipsum
942 2648 984 2702 illi
1006 2648 1153 2706 ostenden·

209 2729 311 2788 9dum
328 2738 384 2804 est,
409 2751 464 2806 que
487 2735 594 2792 ratione
619 2735 656 2792 sit
676 2736 752 2806 quod
770 2741 853 2808 putet
868 2733 1047 2806 impossibile.
1082 2737 1152 2788 Ans.

242 2817 290 2874 An
309 2836 365 2874 nen
382 2820 515 2894 intelligis
534 2838 568 2877 ex
588 2820 631 2876 his
656 2837 728 2892 quae
751 2838 838 2893 supra
861 2819 994 2889 diximus,
1017 2821 1084 2892 quin
1105 2835 1153 2874 ne·

243 2921 319 2961 cesse
345 2911 388 2962 est
412 2906 520 2979 nliquos
545 2907 669 2964 homines
695 2907 732 2962 ed
759 2904 961 2962 beatitudinem
985 2903 1153 2977 pervenire?

240 2991 314 3050 Nem
332 2993 356 3047 si
376 2993 437 3050 Deo
461 2997 505 3048 est
526 2991 722 3048 inconveniens
742 2991 880 3048 hominem
899 3007 963 3046 eum
981 2991 1078 3062 alique
1095 3005 1152 3044 mn-

239 3078 305 3134 eule
321 3079 472 3149 perducere
491 3077 528 3132 sd
546 3077 608 3146 hoe,
626 3077 663 3132 ud
680 3078 756 3149 qued
772 3076 852 3130 illum
871 3075 930 3132 sine
948 3074 1023 3131 omni
1041 3071 1153 3130 mseule

238 3162 321 3234 feeit,
351 3181 388 3220 ne
418 3169 468 3218 eut
492 3162 559 3220 boni
583 3163 706 3234 incoepti
733 3161 875 3233 poenitere
907 3166 957 3217 aut
979 3159 1153 3231 propositum

239 3248 356 3320 implere
381 3265 437 3302 non
462 3263 544 3318 posse
566 3248 710 3318 videntum
734 3246 823 3302 multo
848 3247 939 3320 magis
955 3251 1070 3317 propter
1088 3261 1152 3298 een-

240 3333 305 3390 dem
330 3331 583 3388 inconvenientium
608 3331 779 3405 impossibile
805 3337 848 3388 est
874 3333 984 3390 nullum
1010 3330 1149 3388 hominem

1045 3503 1054 3534 t
