2638 3818
372 271 461 333 ‘eun
476 271 577 332 nnus
594 267 713 332 nono,
746 275 785 334 11.
803 281 843 333 πο.
865 282 905 334 11.
1069 281 1113 346 05

207 447 236 498 et
253 443 441 500 omnishomo
461 443 627 499 naturaliter
644 447 767 501 mortalis
783 445 845 520 psit?
878 449 948 501 Ans.
961 447 1029 504 Non
1042 453 1145 520 putot

203 527 401 584 mortalitatem
418 529 455 582 ad
478 545 577 600 puram
599 530 648 585 sed
663 532 705 586 ad
721 539 878 604 corruptam
894 532 1013 588 hominis
1031 541 1112 596 natu-

203 627 263 667 ram
284 613 432 684 pertinere.
468 612 578 685 Quippe
601 613 625 668 si
647 631 791 689 nunquam
814 624 958 688 peccasset
979 619 1061 675 homo
1084 625 1145 677 etl

203 697 398 754 immortalitas
416 698 503 769 ipsius
531 699 741 757 immutabiliter
758 700 868 756 firmata
886 709 972 773 esset,
996 720 1053 758 non
1068 708 1110 758 ta-

202 801 267 840 men
291 783 383 837 minue
408 784 490 840 homo
516 791 589 841 esset
612 803 711 856 verne3
737 790 766 841 et
790 786 902 858 quando
926 787 1055 842 mortales
1081 787 1111 842 in

202 867 465 940 incorruptibilitate
490 877 649 942 resurgent,
677 889 733 927 non
758 871 850 927 minus
878 876 959 927 erunt
983 872 1042 928 veri
1062 873 1111 928 bo·

200 954 306 1017 mines3
331 970 396 1009 nam
420 955 443 1009 ei
465 957 617 1027 pertineret
637 956 675 1011 ad
697 955 843 1012 veritatem
869 956 1007 1012 humanae
1031 961 1110 1012 natu·

201 1057 249 1095 rae
276 1040 444 1111 mortalitas,
468 1057 645 1114 nequaquam
661 1029 756 1111 penset
773 1057 834 1095 esee
850 1041 946 1111 home,
971 1042 1020 1114 qui
1037 1047 1110 1098 esset

201 1125 379 1196 immortalls3
401 1145 457 1183 non
483 1143 549 1200 ergo
574 1127 695 1197 pertinet
714 1125 751 1180 ad
769 1125 956 1180 sinceritatem
973 1127 1111 1184 humanae

202 1215 317 1266 naturae
348 1212 565 1291 corruptibilitas
593 1212 651 1267 sive
680 1209 944 1282 incorruptibilitas,
975 1210 1107 1281 quoniam

202 1302 302 1351 neutra
323 1296 392 1352 facit
415 1302 466 1351 aut
487 1295 612 1350 destruit·
626 1295 780 1366 hominem,
807 1295 858 1349 sed
874 1295 962 1349 altera
978 1295 1109 1350 valetud

203 1379 262 1435 eius
289 1381 441 1452 miseriam,
468 1381 557 1436 altera
582 1381 621 1436 ad
649 1381 858 1437 beatitudinem.
896 1379 951 1435 Sed
978 1377 1145 1452 quoniam5

202 1465 296 1519 nullus
317 1466 399 1522 homo
425 1467 535 1537 estqui
558 1483 614 1520 non
631 1467 778 1538 moriana,
804 1466 908 1521 ideirco
929 1467 1043 1522 mortale
1061 1484 1110 1538 po·

203 1547 278 1604 nitur
307 1551 336 1605 in
362 1551 480 1606 hominis
509 1551 668 1608 definitione
695 1570 713 1606 a
740 1552 957 1624 philosophie,¹)
984 1551 1032 1622 qui
1054 1567 1110 1606 non

202 1634 377 1691 crediderunt
395 1643 485 1693 totum
500 1637 641 1693 hominem
660 1637 811 1709 aliquando
822 1636 948 1708 potuisse
965 1643 1015 1690 aut
1027 1652 1110 1705 posse

202 1737 261 1777 esse
288 1721 478 1778 immortalem.
527 1724 620 1790 Quare
649 1741 706 1778 non
731 1721 837 1777 sufficit
860 1721 898 1776 ad
922 1720 1146 1776 demonstran-6

196 1807 267 1862 dum
285 1807 366 1862 illum
389 1808 528 1865 bominem
554 1807 655 1864 debere
684 1807 829 1863 mortalem
856 1822 928 1875 esse,
950 1806 1018 1874 hoc,
1042 1805 1109 1876 quia

199 1909 282 1948 verus
300 1892 461 1950 homo‘erit.
496 1899 566 1950 Boe.
593 1893 702 1958 Quaere
727 1911 794 1965 ergo
812 1899 845 1947 tu
865 1892 947 1946 aliam
964 1891 1107 1961 rationem,
1127 1894 1142 1943 't

201 1979 267 2056 quia
288 1995 341 2050 ego
362 1977 439 2033 illam
465 1981 560 2035 nescio
587 1982 611 2034 si
636 1985 669 2034 tu
693 1978 798 2045 nescis,
828 1993 885 2049 qna
905 1976 953 2031 ille
975 1976 1110 2046 probetur

199 2081 281 2135 posse
301 2065 379 2120 mori.
415 2065 484 2119 Aac.
519 2064 645 2118 Dubium
673 2080 729 2118 non
755 2068 811 2132 est,
838 2062 905 2134 quia
932 2062 1006 2117 sicut
1032 2061 1109 2117 Deus

201 2149 270 2219 erit,
298 2149 338 2204 ita
362 2149 536 2220 omnipotens
555 2147 620 2204 erit.
656 2151 725 2203 Boc.
759 2148 866 2204 Verum
890 2153 938 2205 est.
974 2149 1043 2206 Arre.
1079 2148 1110 2206 Si

201 2251 268 2307 ergo
292 2236 380 2304 volet,
404 2234 507 2306 peterit
532 2235 652 2289 animam
676 2249 755 2287 suam
781 2249 884 2303 ponere
902 2242 930 2289 et
947 2235 1047 2288 iterum
1065 2250 1111 2287 su-

200 2335 282 2374 mere.
318 2323 387 2374 Bos.
423 2319 453 2376 si
475 2319 528 2374 hoc
550 2335 606 2373 non
630 2324 737 2390 potest,
760 2334 816 2372 non
841 2318 952 2372 videtur
975 2320 1051 2388 quod
1074 2307 1131 2373 sit3

202 2404 382 2476 omnipotens.
417 2405 488 2459 Aac.
523 2404 632 2460 Poterit
653 2403 741 2475 igitur
764 2417 906 2473 nunqnam
930 2403 999 2457 mori
1021 2403 1045 2457 si
1062 2401 1146 2458 vo·8

200 2489 254 2559 let,
278 2497 305 2547 et
328 2490 431 2562 poterit
456 2489 525 2543 mori
550 2494 579 2545 et
603 2506 754 2560 resurgere.
791 2488 855 2544 Sive
879 2493 971 2544 autem
989 2487 1109 2544 animam

201 2591 279 2630 suam
297 2583 384 2647 ponat
401 2575 479 2630 nullo
498 2574 553 2630 alio
570 2575 706 2643 faciente,
725 2573 782 2628 sire
803 2573 874 2628 alius
892 2573 944 2629 hoo
964 2573 1059 2645 faciat,
1077 2580 1111 2629 ut

201 2677 262 2716 eam
290 2669 377 2732 ponat
402 2661 462 2734 ipso
493 2661 683 2731 permittente:
714 2664 850 2732 quantum
879 2661 915 2715 ad
944 2666 1109 2731 potestatem

199 2744 271 2798 nihil
293 2745 393 2801 differt.
430 2751 499 2802 Boe.
516 2747 580 2802 Non
599 2751 642 2799 est
662 2745 785 2801 dubium.
821 2748 891 2801 Aue.
911 2746 940 2801 si
959 2745 1045 2816 igitur
1061 2761 1107 2798 vo·
1126 2743 1142 2792 9

159 2856 163 2868 «
198 2828 282 2884 luerit
298 2831 477 2902 permittere,
494 2831 597 2903 poterit
614 2831 718 2894 occidi;
742 2839 770 2887 et
789 2831 812 2888 si
829 2832 963 2900 noluerit,
985 2845 1042 2884 non
1060 2845 1109 2901 po-

169 2982 171 2984 ,
199 2914 272 2970 terit.
309 2917 377 2970 Bor.
413 2917 461 2971 Ad
487 2917 541 2971 hoc
564 2933 614 2970 nos
632 2917 866 2974 indeclinabiliter
882 2916 1011 2988 perducit
1027 2915 1107 2970 ratio.

199 3001 269 3054 Ans.
304 2999 388 3056 Ratio
410 3019 520 3074 quoque
538 3019 588 3056 nos
607 3002 709 3072 docuit,
726 3004 794 3075 quia
811 3006 919 3073 oportet
939 3017 1002 3056 enm
1019 3000 1108 3054 maius
1128 3000 1160 3050 10

199 3083 306 3155 aliquid
323 3083 424 3144 habere
442 3104 526 3158 quam
545 3086 681 3158 quidquid
699 3089 752 3144 sub
770 3088 830 3144 Deo
849 3093 898 3157 est,
918 3086 992 3156 quod
1010 3093 1109 3157 sponte

271 3325 297 3395 1)
315 3324 372 3381 Cfr.
390 3326 552 3381 Aristotelia
570 3324 723 3396 Analytioa
738 3323 836 3380 Priora
856 3329 879 3395 1,
898 3329 938 3381 31.
956 3324 1003 3382 all.

923 3419 938 3466 5
