2638 3818
447 153 463 186 Ν

389 311 492 370 xoua
509 310 612 369 nnus
629 310 747 369 ncnc.
782 311 867 368 irs.
1050 311 1093 389 35

141 470 145 476 ’
186 484 293 558 totalis
313 484 368 542 illis
388 482 463 539 vieto
483 485 539 550 est,
557 485 590 535 ut
604 485 734 551 peccaset
753 483 879 551 (excepto
897 479 945 535 ilio
964 481 1029 536 solov
1043 481 1092 537 ho·

187 569 275 640 mine,
299 587 382 642 quem
399 567 479 621 Deus
498 565 570 620 sieut
598 566 679 621 scivit
697 566 757 622 sine
780 565 833 620 vim'
850 566 954 622 semine
973 567 1009 623 de
1025 565 1092 624 Vir-
1132 591 1134 596 v

187 655 251 726 gine
274 655 383 724 faeere,
408 650 448 705 sic
474 650 554 706 scivit
576 668 594 706 a
616 658 732 724 peccato
755 651 837 706 Adae
860 653 1026 721 secernere),
1051 651 1092 708 ita

187 739 223 794 inv
234 739 339 802 eisdem
356 742 417 792 tota
433 735 554 806 vicisset,
577 736 602 790 si
616 754 672 793 non
692 742 863 807 peccassent.
897 737 997 792 Restat
1015 753 1090 808 ergo,
1109 735 1142 786 39

187 831 219 883 ut
245 841 301 880 non
330 821 468 892 completa
490 821 519 876 in
540 821 589 877 illo
613 823 703 892 primo
725 839 839 878 numero
863 823 1025 894 angelorum
1046 841 1091 878 sn-

186 927 275 980 perna
290 907 390 964 civitas
404 907 500 963 sedda
515 907 673 964 hominibus
693 908 859 978 complenda
870 907 957 964 fuisse
974 907 1091 964 dicatur.

189 995 266 1060 Quae
286 994 310 1048 si
327 999 389 1047 rata
405 999 476 1062 sunt,
495 992 590 1064 plures
607 999 689 1048 erunt
706 992 787 1048 electi
804 993 927 1049 homines
940 1009 1023 1065 quam
1036 992 1094 1048 sint

187 1079 300 1152 reprobi
322 1078 422 1149 angeli.
456 1079 526 1133 Bos.
555 1074 746 1132 Rationabilia
769 1076 836 1130 mihi
861 1077 943 1132 valde
962 1077 1092 1150 videntnr
1110 1079 1143 1130 40

188 1181 262 1236 quae
290 1162 374 1232 dicis,
402 1163 452 1218 sed
479 1162 547 1235 quid
575 1160 713 1229 dicemus,
734 1160 805 1231 ¹quia
830 1161 932 1233 legitur
957 1162 993 1216 de
1008 1161 1094 1234 Deos

176 1239 329 1304 'comeso
352 1249 483 1304 terminos
502 1248 677 1318 populorum
703 1245 782 1300 iacta
803 1264 950 1300 numerans
964 1248 1094 1320 filiorum

159 1388 160 1391 ,
188 1335 329 1403 Israew)
365 1333 446 1400 Quod
466 1333 588 1405 quidam,
609 1331 675 1404 quia
691 1350 742 1403 pro
754 1333 882 1403 filiorum
901 1332 1000 1404 ,lsrael
1018 1331 1095 1402 inve«
1118 1351 1147 1395 ‘1-

189 1421 265 1478 nitur
282 1421 444 1488 ampelos-rom
463 1419 563 1487 Dei,²)
585 1417 625 1472 sic
644 1424 799 1489 exponunt,
825 1424 858 1473 ut
873 1417 1025 1486 secundum
1042 1434 1093 1474 nu·

189 1521 294 1560 merum
316 1505 451 1570 bonorum
472 1503 633 1574 angelorum
652 1505 835 1560 assumendus
854 1499 1097 1575 intelligatsm'riul

189 1606 280 1646 merus
305 1591 456 1646 electorum
482 1587 632 1644 hominum.
682 1590 752 1645 Aes.
785 1590 848 1644 Hoc
875 1608 933 1645 non
956 1592 1096 1660 repugnat
1112 1595 1144 1647 41

189 1676 347 1748 praedictae
364 1672 533 1742 sententiae,
563 1673 587 1727 si
606 1677 711 1728 certum
729 1680 859 1743 nonest,
886 1674 961 1745 quod
977 1673 1096 1745 totidem

188 1755 282 1834 angeli
308 1760 476 1818 cecidissent
508 1763 575 1828 quot
605 1765 805 1813 remanserunt
851 1759 925 1816 Nam
949 1757 974 1812 si
1001 1758 1094 1830 plures

189 1855 255 1904 sunt
273 1845 368 1918 angeli
387 1843 469 1900 electi
486 1859 570 1912 quam
589 1840 709 1913 reprobi,
728 1847 757 1897 et
773 1859 885 1898 necesse
905 1847 947 1898 est
958 1848 1096 1912 utrepro·

179 1933 239 1990 'bos
257 1931 341 1988 electi
356 1927 481 1986 homines
505 1925 674 1997 restaurent,
702 1934 731 1982 et
744 1932 846 1999 ¹potest
868 1927 928 1983 fieri
953 1933 986 1982 ut
1001 1926 1096 1982 beato-

188 2033 252 2070 rum
273 2030 388 2070 numero
413 2020 614 2085 coaequentur,
643 2019 672 2068 et
695 2013 736 2068 sic
757 2006 853 2084 'plures
875 2018 956 2068 erunt
972 2012 1095 2067 homines

189 2099 258 2155 lusti
275 2116 358 2170 quam
376 2099 471 2170 angeli
487 2099 591 2154 iniusti.
627 2097 683 2154 Sed
702 2096 847 2168 memento,
854 2099 875 2167 ³)
891 2115 949 2170 ¹quo
960 2097 1096 2170 pacto-in·
1113 2095 1146 2148 42

190 2185 253 2257 cepi
270 2190 336 2240 tuae
352 2184 520 2254 respondere
537 2183 708 2256 quaestioni,
731 2190 764 2240 ut
780 2184 910 2239 videlicet
928 2184 952 2237 si
970 2183 1038 2254 quid
1055 2180 1095 2237 di·

190 2284 265 2340 xero,
284 2270 359 2342 qnod
377 2269 465 2324 maior
489 2286 546 2324 non
570 2268 714 2324 confirmet
731 2269 896 2338 auctoritas,
922 2269 1047 2340 quamvis
1065 2267 1096 2322 il·

191 2355 241 2410 lud
269 2354 378 2410 ratione
404 2353 523 2424 probare
545 2354 658 2423 videor,
683 2370 738 2408 non
761 2353 817 2406 alia
837 2354 1004 2409 certitudine
1025 2352 1097 2408 acci-

191 2439 301 2510 piatur,
327 2439 382 2494 nisi
405 2438 473 2511 qnia
495 2439 605 2494 interim
632 2437 699 2492 mihi
716 2439 757 2493 ita
773 2437 898 2509 videtur,
924 2439 1012 2494 donec
1029 2437 1098 2492 mibi

192 2519 272 2580 Deus
289 2523 387 2580 melius
405 2524 499 2596 aliquo
517 2525 598 2580 modo
616 2523 727 2580 revelet.
763 2522 862 2578 Certus
886 2523 959 2579 enim
976 2540 1049 2593 sum,
1074 2521 1098 2578 si
1114 2531 1147 2582 43

195 2607 263 2680 quid
281 2609 343 2665 dico
363 2609 439 2681 quod
463 2625 558 2664 sacrae
585 2609 771 2680 scripturam)
798 2607 904 2682 absque
925 2607 1010 2666 dubio
1030 2625 1098 2664 con·

267 2879 294 3020 13
311 2879 461 2938 Deutercn.
478 2885 523 2951 32,
540 2885 564 2937 8.

197 3002 201 3010 .
266 2955 282 3006 2
313 2949 412 3006 LXX:
433 2947 501 3004 κατὰ
520 2947 645 3024 ἀριθμὸν
662 2947 936 3019 ἄγγέλωνθεοῦ.

197 3067 202 3078 .
267 3017 618 3088 3Videsurae2,9.
1014 3065 1053 3092 ,.

267 3093 284 3144 4
303 3086 411 3160 „Sicut
458 3105 506 3142 eus
524 3085 554 3142 in
571 3084 707 3158 principio
724 3102 776 3156 per
787 3081 952 3138 miraculum
966 3079 1101 3148 lemtim*

197 3163 324 3214 mentum
349 3161 378 3213 et
397 3156 455 3216 alia
477 3156 513 3211 de
528 3157 604 3210 terr'a
620 3153 763 3211 nascende
782 3151 820 3207 ad
838 3145 1102 3231 alimentumhomi·
1198 3206 1200 3209 ,

199 3242 268 3280 num
288 3227 349 3281 sine
366 3225 473 3280 cultore
488 3230 517 3280 et
535 3222 696 3294 seminibus,
712 3223 753 3278 ita
770 3221 829 3277 sine
844 3219 966 3274 humana
979 3217 1104 3275 doctrma

194 3294 365 3366 ,uestitior
391 3291 460 3349 fecit
482 3292 568 3350 eorda
588 3292 787 3366 prophetarum
803 3295 865 3345 ets
902 3286 1034 3342 stolorum
1051 3301 1104 3344 nec

199 3379 256 3419 non
282 3368 312 3418 et
337 3359 569 3432 evangelistarum
591 3361 729 3418 foecunda
752 3358 867 3414 salutem
887 3371 920 3411 us
936 3357 1103 3415 ‘seminibusr

835 3435 860 3464 .
895 3435 953 3513 „,
