2638 3818
380 327 459 385 OUR
475 326 579 386 DEUS
596 324 714 382 HOMO.
747 323 786 380 11.
807 329 883 382 3—5.
1049 322 1093 390 55

188 502 302 569 propter
318 516 348 556 se
364 497 458 555 facere
476 513 560 568 quam
576 501 689 567 propter
705 495 776 552 nos?
811 495 936 550 Atsiita
946 499 997 563 est,
1009 509 1093 566 quam

187 584 305 658 gratiam
333 583 376 640 illi
404 583 538 640 debemus
569 598 620 653 pro
649 599 682 638 eo
709 582 784 655 quod
810 580 879 636 facit
900 583 1014 650 propter
1042 577 1093 632 se‘?

187 669 331 735 Quomodo
364 667 449 724 etiam
485 673 607 724 nostram
640 666 840 740 imputabimus
879 663 1006 718 salutem,
1033 661 1093 716 eius

187 755 306 827 gratiae,
329 753 353 808 si
371 769 423 808 nos
440 753 530 808 salvat
546 751 730 810 necessitate?
764 751 837 807 Aac.
872 749 924 805 Est
940 747 1093 803 necessitas
1110 751 1126 804 3

187 857 258 910 quae
277 837 462 894 benefacienti
484 838 603 910 gratiam
627 837 720 894 aufert
735 843 785 892 aut
801 835 914 906 minuit,
940 840 969 890 et
987 838 1029 889 est
1045 848 1093 887 ne·

187 925 304 980 cessitas
325 939 381 993 qua
403 923 488 979 maior
507 924 642 982 beneficio
663 922 756 994 gratia
775 921 899 979 debetur.
927 919 999 976 Cum
1018 917 1092 974 enim

186 1009 289 1080 aliquis
320 1025 355 1064 ea
380 1010 541 1066 necessitate
568 1009 616 1064 oui
644 1006 771 1063 subiacet
798 1007 916 1076 invitus,
942 1002 1090 1072 benefacit,

187 1101 238 1150 aut
254 1093 331 1149 nulla
353 1099 403 1148 aut
419 1095 508 1150 minor
523 1095 574 1152 illa
589 1093 682 1165 gratia
699 1092 823 1147 debetur.
859 1091 930 1146 Cum
947 1108 1013 1147 vero
1031 1089 1092 1160 ipse
1109 1087 1126 1139 4

186 1194 218 1232 se
236 1182 334 1247 sponte
353 1180 511 1235 necessitati
528 1177 722 1234 benefaciendi
738 1174 835 1231 subdit
851 1193 904 1230 nec
915 1177 1018 1232 invitus
1029 1192 1092 1230 eam

186 1261 313 1330 sustinet,
331 1268 397 1318 tunc
414 1266 512 1336 utique
529 1262 657 1320 beneficii
674 1262 794 1335 gratiam
810 1267 932 1316 meretur
951 1260 1091 1316 maiorem.

186 1348 252 1406 Non
268 1348 340 1406 enim
358 1348 428 1404 haec
446 1354 489 1403 est
509 1347 628 1402 dicenda
651 1349 803 1404 necessitas
827 1345 877 1402 sed
900 1345 1003 1418 gratia,
1026 1345 1094 1416 quia

186 1433 265 1488 nullo
282 1441 398 1506 cogente
415 1432 493 1486 illam
510 1434 637 1503 suscepit
650 1442 699 1490 aut
715 1439 809 1490 servat
828 1433 879 1488 sed
896 1431 992 1504 gratis.
1019 1429 1122 1491 Nam5

187 1519 212 1574 si
229 1521 301 1590 quod
317 1519 401 1576 hodie
423 1523 521 1587 sponte
546 1518 684 1588 promittis
704 1526 733 1577 te
753 1535 814 1574 cras
830 1519 971 1588 daturum,
996 1516 1094 1572 eadem

187 1620 248 1660 cras
265 1606 406 1661 voluntate
423 1603 488 1674 das;
514 1605 640 1674 quamvis
660 1620 775 1660 necesse
796 1604 878 1659 aitte
895 1621 956 1659 cras
977 1603 1095 1658 reddere

186 1690 351 1759 promissum
370 1691 395 1744 si
413 1693 506 1760 potes,
531 1692 581 1742 aut
598 1689 722 1758 mentiri,
747 1706 803 1744 non
819 1693 913 1744 tamen
930 1690 1021 1746 minos
1040 1688 1095 1744 tibi

187 1772 269 1829 debet
286 1775 335 1829 ille
355 1792 407 1845 pro
425 1773 550 1845 impenso
574 1772 709 1828 beneficio
733 1773 780 1828 cui
804 1773 869 1843 das,
894 1790 978 1845 quam
995 1774 1020 1830 si
1037 1791 1095 1828 non

184 1856 365 1928 promisisses,
392 1859 522 1928 quoniam
543 1862 572 1914 te
594 1857 747 1914 debitorem
765 1865 830 1914 ante
846 1865 956 1930 tempus
975 1859 1095 1914 dationis

184 1941 226 1996 illi
242 1942 337 1998 facere
356 1959 413 1997 non
435 1959 465 1998 es
490 1950 611 2000 coactus.
647 1943 718 2000 Tale
739 1950 795 2014 est,
821 1961 884 2000 cum
901 1944 964 2014 quis
980 1947 1127 2000 sanctaso

185 2028 402 2084 conversationis
425 2037 522 2100 sponte
547 2035 630 2086 vovet
653 2029 832 2102 propositum.
867 2027 1000 2094 Quamvis
1017 2045 1095 2084 nam·

187 2130 241 2185 que
258 2129 369 2168 servare
386 2113 458 2168 illud
477 2132 510 2170 ex
531 2114 698 2171 necessitate
717 2121 782 2186 post
804 2121 900 2170 votum
921 2116 1037 2186 debeat,
1059 2131 1096 2171 ne

185 2205 332 2271 apostatae
349 2198 557 2256 damnationem
576 2202 706 2270 incurrat,
725 2206 753 2257 et
769 2201 835 2257 licet
850 2201 914 2274 cogi
931 2201 1022 2272 possit
1040 2218 1096 2257 ser·

185 2302 251 2343 vare
274 2285 299 2340 si
324 2265 408 2355 nolit‘,
435 2284 458 2338 si
481 2289 576 2340 tamen
600 2301 657 2339 non
681 2285 784 2340 invitus
809 2293 902 2342 servat
918 2288 993 2358 quod
1009 2288 1096 2357 vovit,

186 2387 242 2424 non
259 2369 351 2426 minus
367 2369 417 2424 sed
441 2371 530 2442 magia
554 2377 652 2442 gratias
670 2376 713 2427 est
731 2371 807 2442 Deo,
833 2371 958 2443 quamsi
976 2389 1032 2426 non
1048 2388 1095 2436 vo·

186 2453 283 2524 visset3
306 2457 438 2528 quoniam
458 2471 515 2510 non
538 2457 628 2510 solum
646 2472 818 2512 communem
834 2455 922 2510 vitam
942 2457 1094 2512 sedetiam

187 2539 248 2594 eius
263 2539 405 2596 licentiam
422 2540 476 2596 sibi
495 2546 609 2611 propter
624 2541 717 2596 Deum
741 2540 908 2612 abnegavit,
929 2557 980 2597 nec
1000 2550 1097 2598 sancte

187 2629 281 2680 vivere
297 2627 430 2683 dicendus
447 2631 491 2681 est
506 2625 684 2695 necessitate,
710 2624 759 2682 sed
777 2625 874 2680 eadem
892 2644 949 2698 qua
967 2629 1045 2684 vovit
1060 2627 1094 2682 li-

186 2710 304 2766 bertate.
333 2712 426 2778 Quare
441 2711 530 2766 multo
549 2710 638 2784 magis
656 2709 681 2764 si
697 2711 776 2766 Deus
793 2710 860 2766 facit
875 2711 981 2768 bonum
990 2712 1094 2767 homini
1112 2714 1127 2764 7

188 2794 267 2874 quod
289 2794 407 2868 incepit,
435 2797 502 2852 licet
530 2812 587 2850 non
612 2794 711 2850 deceat
737 2812 801 2851 eum
824 2795 937 2852 abono
964 2794 1093 2865 incoepto

189 2879 323 2950 deficere,
350 2889 439 2938 totum
467 2880 576 2954 gratiae
604 2881 738 2936 debemus
767 2881 918 2952 imputare,
949 2879 1016 2950 quia
1041 2878 1094 2934 hoc

188 2971 303 3036 propter
339 2983 389 3022 nos
424 2985 480 3022 nou
512 2971 625 3039 propter
661 2982 691 3020 ss
722 2966 826 3022 nullius
861 2983 945 3040 egens
979 2964 1127 3035 incepit.8

188 3049 253 3106 Non
290 3051 363 3105 enim
405 3052 484 3108 illum
517 3052 613 3122 latuit,
655 3049 724 3123 quid
757 3053 838 3108 homo
874 3052 999 3106 facturus
1035 3056 1096 3106 erat

188 3152 253 3190 cum
285 3136 365 3190 illum
397 3137 478 3206 fecit,
515 3142 544 3194 et
571 3143 665 3192 tamen
694 3135 821 3192 bonitate
848 3153 899 3192 sua
927 3135 1007 3191 illum
1038 3152 1095 3192 cre·

188 3221 263 3278 ando
279 3227 379 3294 sponte
400 3239 444 3293 se,
464 3229 497 3279 ut
520 3221 666 3296 perficeret
687 3219 845 3293 incoeptum
869 3219 987 3292 bonum,
1014 3223 1095 3296 quasi

188 3307 331 3380 obligavit
395 3307 525 3380 Denique
569 3309 649 3365 Deus
695 3305 766 3362 nibil
811 3305 881 3362 facit
920 3309 1131 3380 ueooesitatat

188 3393 254 3464 quia
294 3391 371 3450 nullo
412 3393 494 3449 modo
535 3394 645 3466 cogitur
686 3397 737 3449 aut
782 3393 946 3464 prohibetur
989 3392 1095 3468 aliquid
