2638 3818
211 325 256 392 58
405 322 433 380 S.
452 319 625 382 suanum
643 317 950 378 clarummane

211 491 341 566 quoniam
352 492 434 549 aliter
444 492 505 550 fieri
517 491 621 564 nequit,
638 497 672 547 ut
681 491 757 547 idem
767 491 829 562 ipse
839 489 877 545 sit
886 485 1116 559 perfecturum

210 584 238 636 et
254 579 395 652 perfectus
411 579 501 636 hemo.
535 579 603 632 Bos.
620 575 723 634 'Potum
740 577 807 632 mihi
825 575 926 648 placet,
946 571 1021 644 quod
1039 571 1117 627 dicis.

178 746 190 797 1
287 717 330 805 80
381 752 450 804 Aac.
485 749 584 806 Restat
600 764 673 804 nunc
691 765 831 820 quaerere,
849 749 924 804 unde
940 745 1117 818 etquomodo

209 842 332 892 assumet
355 836 433 892 Deus
460 834 609 889 humanam
633 838 770 889 naturam.
808 832 869 888 Aut
894 833 968 889 enim
996 835 1119 888 assumet

211 941 273 979 eam
292 923 328 978 de
343 921 437 974 Adam
463 926 512 975 aut
534 919 621 974 faciet
641 936 744 974 novum
761 918 917 987 hominem,
941 917 1119 990 quemadmo-

176 1015 192 1064 2
211 1006 278 1062 dum
299 1004 367 1060 fecit
383 1005 477 1060 Adam
500 1006 536 1060 de
557 1005 635 1060 nullo
659 1005 715 1060 alio
737 1005 856 1060 bomine.
893 1003 949 1060 Sed
973 1005 997 1058 si
1015 1021 1118 1059 novum

210 1091 349 1147 hominem
368 1089 437 1146 facit
454 1107 511 1146 non
534 1107 568 1146 ex
590 1085 670 1150 Adae
695 1107 812 1163 genere,
834 1107 891 1145 non
913 1089 1064 1162 pertinebit
1080 1089 1118 1144 ad

212 1194 300 1250 genus
317 1176 468 1232 humanum
492 1176 566 1249 quod
590 1181 688 1231 natum
707 1183 750 1232 est
770 1176 806 1232 de
823 1175 934 1246 Adam,
959 1193 1046 1248 quare
1061 1191 1119 1232 non

178 1263 193 1314 3
212 1262 325 1318 debebit
347 1263 508 1319 satisfacere
528 1279 579 1333 pro
601 1279 647 1332 eo,
668 1261 735 1334 quia
758 1278 815 1317 non
840 1261 894 1317 erit
912 1261 947 1318 de
965 1279 1004 1318 ec.
1040 1261 1119 1319 Sicut

212 1349 285 1404 enim
304 1356 410 1406 rectum
431 1353 481 1418 est,
498 1353 532 1404 ut
547 1365 598 1420 pro
617 1346 702 1418 culpa
719 1346 837 1402 hominis
855 1347 937 1404 homo
956 1347 1118 1418 satisfaciat,

212 1433 252 1489 ita
274 1451 387 1491 neccsse
415 1437 469 1503 est,
498 1439 531 1489 ut
553 1433 726 1489 satisfaciens
750 1433 825 1490 idem
847 1432 884 1488 sit
908 1431 956 1504 qui
978 1439 1118 1504 peccator,

212 1523 263 1574 aut
278 1519 401 1574 eiusdem
423 1519 549 1590 generis3
576 1519 658 1576 aliter
680 1535 800 1590 namque
818 1537 872 1574 nec
889 1519 982 1590 Adam
998 1536 1051 1575 nec
1070 1536 1117 1592 ge·
1192 1521 1197 1525 “

179 1609 266 1672 tuus
289 1605 348 1660 eius
370 1603 549 1674 satisfaciet1)
574 1621 625 1676 pro
648 1622 686 1661 se.
721 1605 796 1677 Ergo
819 1605 893 1660 sicut
916 1604 952 1660 de
974 1604 1068 1661 Adam
1091 1610 1120 1660 et

212 1688 273 1746 Eva
295 1696 443 1762 peccatum
466 1691 496 1746 in
520 1709 614 1747 omnes
638 1690 762 1746 homines
785 1695 973 1763 propagatum
998 1697 1053 1761 cst,
1078 1691 1119 1745 ita

212 1776 314 1845 nullus,
331 1775 386 1830 nisi
402 1777 447 1832 vel
464 1776 518 1848 ipsi
535 1776 580 1831 vel
601 1775 649 1846 qui
666 1776 701 1832 de
717 1775 772 1830 illis
786 1776 918 1838 nascitrrr,
936 1793 987 1848 pro
1003 1780 1119 1848 peccata

212 1862 356 1918 hominum
373 1861 533 1918 satisfacere
550 1861 641 1918 debet.
673 1861 810 1928 Quoniam
827 1879 894 1935 ergo
911 1861 952 1916 illi
968 1867 1119 1932 nequeunt,

181 1953 327 2004 successe
350 1954 393 2003 est
420 1953 452 2003 ut
474 1948 511 2003 de
540 1948 596 2002 illis
622 1948 672 2017 sit,
706 1948 755 2019 qui
777 1948 831 2003 hcc
849 1947 942 2004 faciet.
976 1948 1118 2021 Amplius:

213 2034 285 2091 sicut
305 2034 399 2091 Adam
424 2039 453 2089 et
474 2038 564 2089 totum
589 2049 677 2105 genus
701 2035 760 2095 eius
783 2053 834 2106 per
862 2050 893 2089 se
914 2032 1037 2088 stetisset
1060 2033 1121 2088 sine

214 2121 416 2176 sustentatione
448 2117 562 2173 alterius
591 2123 735 2174 creaturae
761 2118 786 2173 si
810 2135 867 2174 non
891 2125 1049 2190 peccasset,
1081 2119 1121 2174 ita

214 2210 337 2275 oportet,
361 2210 393 2259 ut
417 2204 441 2259 si
463 2202 538 2258 idem
557 2220 646 2275 genus
662 2203 785 2276 resurgit
806 2209 870 2276 post
888 2221 998 2274 casum,
1022 2221 1074 2276 per
1090 2220 1120 2259 se

181 2289 342 2362 tresurgat
365 2297 394 2346 et
413 2289 558 2346 relevetur.
592 2289 665 2346 Nam
689 2307 739 2362 per
762 2307 954 2365 quemcunque
971 2291 1001 2346 in
1017 2296 1121 2346 statum

213 2373 389 2444 restituatur,
414 2391 466 2446 pcr
490 2374 570 2430 illum
593 2374 691 2447 utique
714 2375 813 2446 stabit,
839 2392 891 2447 per
915 2393 997 2449 quem
1017 2381 1121 2434 statum

182 2464 295 2515 ‘lsuum
318 2461 504 2532 recuperabit.
538 2461 616 2517 Deus
641 2459 726 2516 etiarn
744 2461 856 2531 quando
875 2461 1025 2518 humanam
1041 2468 1121 2519 natu·

214 2560 274 2600 ram
298 2545 426 2614 primitus
453 2546 521 2602 fecit
543 2547 573 2600 in
597 2546 655 2602 solo
679 2545 772 2602 Adam
794 2563 847 2603 nec
871 2547 1018 2618 feminam,
1036 2554 1069 2604 ut
1087 2548 1122 2603 de

213 2633 333 2700 utroque
362 2648 430 2687 seru
460 2630 711 2702 multiplicarentur
739 2631 879 2703 homines,
911 2631 1004 2687 facere
1033 2632 1122 2689 voluit

213 2713 268 2768 nisi
297 2715 332 2771 de
357 2715 433 2787 ipso,
462 2723 558 2786 aperte
581 2717 756 2786 monstravit,
779 2734 810 2772 se
831 2735 889 2774 non
904 2717 959 2772 nisi
977 2716 1013 2772 de
1029 2717 1122 2772 Adam

213 2800 337 2858 voluisse
360 2801 466 2873 facere,
491 2801 566 2873 quod
591 2802 627 2858 de
653 2802 776 2858 humana
791 2808 894 2858 natura
909 2802 1036 2860 facturus
1055 2810 1123 2860 erat

182 2881 391 2958 8Quapropter
414 2887 439 2942 si
461 2905 550 2959 genus
580 2888 661 2943 Adae
691 2905 741 2959 per
767 2887 888 2960 aliquem
911 2887 1051 2945 relevatur
1074 2889 1123 2944 ho·

215 2971 329 3043 minem,
347 2972 396 3044 qui
412 2990 469 3029 non
486 2972 524 3028 sit
542 2974 576 3029 de
594 2973 691 3029 eodem
708 2991 825 3046 genere,
848 2989 905 3030 non
921 2973 1045 3031 inillam
1062 2974 1123 3046 dig-

214 3057 345 3128 nitatem,
369 3076 454 3131 quarn
476 3059 636 3115 habiturum
661 3065 721 3115 erat
745 3059 769 3114 si
789 3077 845 3116 non
862 3066 1006 3130 peccasset
1021 3060 1123 3130 Adam,

216 3148 245 3200 ct
271 3143 333 3198 ideo
358 3161 416 3200 non
440 3143 549 3216 integre
577 3144 791 3214 restaurabitur,
818 3149 847 3200 et
871 3143 926 3199 Dei
950 3144 1123 3215 propositum

216 3228 334 3284 deficere
352 3228 507 3299 videbitn,
530 3245 603 3300 quae
629 3229 681 3284 luo
702 3229 925 3285 inconvenientia
947 3234 1028 3300 sunt3
1058 3246 1124 3300 ergo

225 3423 228 3428 -
287 3384 312 3447 1)
330 3383 508 3450 satisfaceret
523 3383 551 3437 A
562 3383 648 3440 abc.
