2638 3818
220 317 265 382 44
405 313 434 371 S.
455 310 625 370 ANSELMI
643 307 950 368 OANTUARIENSIS

221 489 320 539 contra
342 484 514 539 voluntatem
534 481 603 550 Dei,
632 479 825 551 gravissimum
850 478 982 550 quiddam
1006 484 1035 534 et
1058 477 1130 532 nulli

222 571 324 625 damno
353 567 541 640 comparabile
570 566 710 636 intelligo;
748 566 798 621 sed
828 566 947 621 solemus
976 565 1128 637 aliquando

163 690 165 698 ι
221 656 314 712 facere
339 661 438 710 contra
459 651 630 708 voluntatem
652 650 771 706 alicuius
794 669 850 706 non
867 650 1129 723 reprehensibiliter,

222 749 320 796 utres
342 741 402 795 eius
425 743 583 806 samonum
613 736 688 808 quod
712 741 811 807 postea
834 736 875 790 illi
898 737 1005 807 placet,
1033 742 1131 791 contra

189 827 301 889 senius
331 825 502 880 voluntatem
530 821 655 878 facimus.
690 823 761 876 Am.
796 820 859 876 Hoc
881 821 914 876 fit
939 821 1055 891 homini,
1082 821 1131 893 qui

222 908 374 982 aliquando
392 924 449 962 non
467 906 600 978 intelligit
617 907 685 978 quid
703 906 739 962 sit
756 906 810 963 sibi
827 907 904 977 utile,
927 913 977 962 aut
997 925 1053 962 non
1068 912 1129 976 pot·

223 1003 267 1052 est
291 999 448 1050 restaurare
475 991 550 1062 quod
575 992 708 1064 perdidit;
735 993 785 1048 sed
807 992 885 1048 Deus
912 993 989 1048 nullo
1013 992 1129 1063 indiget,

223 1086 252 1136 et
275 1078 367 1135 omnia
391 1077 416 1132 si
441 1078 578 1148 perirent,
604 1085 699 1150 posset
724 1078 797 1134 sicud
822 1095 856 1134 ea
880 1077 948 1133 fecit
972 1076 1129 1134 restituere.

189 1169 205 1219 9
223 1167 293 1220 Bos.
327 1163 422 1218 Fateri
437 1180 482 1219 me
502 1181 615 1220 necesse
630 1170 686 1234 est,
711 1165 777 1237 quia
793 1182 845 1236 pro
863 1163 1054 1220 conservanda
1071 1167 1131 1218 tota

222 1256 351 1307 creatura
375 1248 444 1304 nihil
472 1251 602 1306 deberem
627 1250 720 1305 lacere
748 1257 845 1305 contra
869 1249 1041 1305 voluntatem
1066 1247 1130 1304 Dei.

174 1340 206 1392 10
223 1338 294 1392 Aac.
329 1335 404 1400 Quid
422 1333 445 1388 si
463 1333 557 1402 plures
577 1340 670 1389 essent
688 1336 785 1391 mnndi
803 1335 880 1408 pleni
897 1335 1038 1404 creaturis,
1059 1333 1131 1388 sicut

223 1423 276 1478 iste
302 1421 362 1478 est?
397 1422 465 1475 Boe.
502 1417 531 1474 si
557 1417 664 1474 infinito
690 1435 804 1476 numero
831 1419 1082 1492 multiplicarentur
1104 1424 1132 1474 et

224 1507 351 1562 similiter
391 1503 460 1558 mihi
502 1503 726 1574 ostenderentur,
765 1505 887 1576 idipsum
928 1506 1132 1576 responderem.

175 1593 294 1647 11Am.
329 1590 408 1648 Nihil
426 1587 530 1643 rectius
553 1594 648 1658 potes3
672 1590 721 1645 sed
744 1590 889 1646 considera
906 1591 1003 1660 etiam,
1026 1591 1051 1645 si
1068 1607 1132 1646 con-

223 1678 358 1749 tingeret,
382 1680 415 1730 ut
439 1679 536 1729 contra
556 1675 728 1730 voluntatem
745 1674 800 1730 Dei
824 1674 903 1730 illum
927 1681 1072 1747 aspectum
1089 1675 1132 1729 ta·

224 1778 317 1832 ceres,
335 1759 403 1832 quid
420 1775 517 1831 posses
534 1776 585 1829 pro
603 1759 656 1815 hoc
672 1767 789 1831 peccato
806 1760 934 1816 solvere?
969 1762 1039 1818 Boe.
1067 1759 1131 1817 Non

174 1852 206 1904 12
223 1847 314 1904 habeo
337 1846 443 1918 aliquid
468 1844 557 1899 maius
582 1863 665 1917 quam
683 1847 759 1916 quod
777 1846 944 1918 supradixi
979 1848 1050 1902 Aac.
1086 1844 1133 1902 Sic

223 1932 346 2005 graviter
362 1947 519 2004 peccamus,
538 1931 756 2002 quotiescunque
775 1932 895 1987 scienter
910 1931 1018 2004 aliquid
1038 1947 1133 2004 quam·

224 2018 294 2074 libet
315 2033 433 2088 parvum
455 2022 553 2071 contra
573 2017 745 2072 voluntatem
763 2016 819 2072 Dei
842 2017 976 2088 iacimus,
1001 2018 1133 2090 quoniam

224 2119 335 2172 semper
363 2118 458 2155 sumus
484 2101 514 2154 in
537 2107 690 2171 conspectu
706 2100 780 2166 dus,
805 2108 833 2157 et
850 2119 959 2175 semper
974 2103 1035 2175 ipse
1053 2119 1133 2174 prae·

175 2193 207 2246 13
224 2186 294 2256 cipit
310 2186 444 2241 nobisne
460 2201 615 2257 peccemus.
650 2188 720 2241 Bos.
756 2187 798 2244 Ut
814 2189 907 2258 audio,
924 2188 1007 2244 nimis
1024 2189 1133 2260 pericu·

224 2274 282 2328 lose
300 2271 426 2326 vivimus.
462 2273 532 2329 Aac.
567 2272 663 2341 Patet,
689 2273 756 2344 quia
777 2274 931 2328 secundum
947 2275 1133 2346 quantitatem

224 2357 313 2430 exigit
333 2357 411 2412 Deus
435 2357 661 2414 satisfactionem
696 2362 765 2414 Bos.
800 2359 864 2416 Non
889 2377 1002 2431 possum
1022 2374 1133 2430 negare.

175 2447 208 2499 14
224 2445 295 2499 Am.
329 2442 394 2506 Nau
418 2459 485 2515 ergo
505 2443 657 2513 satisfacis,
679 2443 703 2498 si
721 2461 777 2500 non
796 2445 890 2500 reddis
911 2444 1019 2516 aliquid
1035 2444 1134 2512 maius,

224 2543 310 2600 quam
336 2526 373 2582 sit
398 2527 428 2581 id
454 2545 505 2599 pro
532 2547 587 2601 quo
612 2536 758 2600 peccatum
783 2530 876 2588 facere
905 2547 962 2586 non
988 2529 1134 2586 debueras.

224 2614 294 2668 Bos.
329 2610 367 2666 Et
395 2613 531 2670 rationem
558 2617 640 2671 video
670 2615 711 2670 sic
739 2615 850 2688 exigere
882 2621 910 2671 et
936 2615 1048 2670 omnino
1074 2631 1134 2671 esse

175 2695 405 2769 15·impossibile.
445 2699 514 2755 Am.
549 2699 610 2757 Nec
632 2699 710 2756 Deus
735 2701 824 2756 ullum
849 2699 1004 2772 obligatum
1028 2700 1135 2772 aliqua·

224 2793 306 2844 tenus
333 2785 429 2841 debito
458 2786 567 2856 peccati
592 2803 731 2842 assumere
759 2791 853 2857 potest
870 2785 907 2840 ad
924 2785 1135 2856 beatitudinem,

226 2874 293 2946 quia
310 2889 368 2927 non
386 2871 477 2928 debet.
512 2873 581 2926 Bos.
616 2871 706 2929 Nimis
730 2877 772 2927 est
788 2870 882 2944 gravis
900 2870 970 2926 haec
988 2870 1134 2927 sententia.

192 3037 206 3088 l
303 3011 370 3096 22·
422 3042 492 3096 Am.
517 3040 595 3096 Audi
612 3041 705 3098 adbuc
721 3041 837 3114 aliud,¹)
854 3058 905 3096 cur
919 3059 976 3097 non
992 3041 1085 3096 minus
1099 3039 1137 3096 sit
1163 3011 1168 3022 ”

225 3126 340 3184 difficile
364 3127 503 3182 hominem
523 3127 696 3183 reconciliari
714 3128 785 3187 Deo.
819 3130 888 3183 Boe.
922 3126 985 3184 Nisi
1002 3125 1072 3182 fides
1090 3140 1136 3180 me

298 3299 324 3363 l)
342 3296 476 3354 Codicum
494 3304 604 3354 secutus
620 3313 798 3366 consensum,
822 3297 966 3352 averbisz
993 3297 1066 3350 aeds·
1081 3297 1136 3348 ad·

226 3365 280 3419 buc
298 3370 352 3420 etc.
369 3366 479 3422 initium
497 3366 596 3438 capitis
615 3372 648 3423 22
668 3366 734 3422 duxi
752 3365 919 3422 faciendum.
