2638 3818
198 344 200 348 .
248 289 291 356 80
431 285 459 344 S.
476 283 646 345 ANSELMI
666 277 972 343 OAN'IUARIENSIS

213 453 297 511 taes.
334 455 466 522 Quotiens
494 473 613 532 namque
641 455 744 512 dicitnr
768 451 847 508 Deus
871 469 927 507 non
954 439 1049 524 posse,
1075 453 1154 510 nulla

246 547 365 614 negatm
391 543 420 598 in
447 561 480 599 eo
507 549 644 615 potestas,
679 541 728 598 sed
756 539 952 612 insuperabilis
979 537 1153 612 significatur

245 627 372 700 potantia
383 635 411 683 et
422 628 564 685 fortitudo.
582 627 648 686 Non
659 629 732 683 enim
744 624 822 683 aliud
833 625 1005 698 intelligitur,
1017 625 1071 679 nisi
1083 625 1152 697 quia

245 713 323 769 nulla
333 731 377 769 res
389 717 481 786 potest
500 713 618 779 efficere,
636 719 668 770 ut
685 720 752 786 agat
769 713 816 767 ilie
835 711 909 784 quod
926 715 1045 783 negatur
1061 727 1151 782 possa.

213 797 318 856 7Nam
335 799 452 854 multum
470 799 574 854 usitata
598 806 641 855 est
667 799 824 855 huiusmodi
849 797 978 866 locutio,
993 803 1025 851 ut
1043 796 1153 852 dicatur

244 901 288 940 res
307 885 402 957 aliqua
419 902 513 957 posse,
538 902 594 940 non
619 885 685 957 qnia
710 884 739 939 in
758 883 807 937 illa
832 883 1030 953 sedquoniam
1047 883 1077 936 in
1096 881 1153 937 alia

244 985 274 1024 re
292 975 335 1024 est
349 973 490 1038 potestas3
518 976 547 1026 et
563 989 619 1026 non
635 988 732 1043 posse,
755 986 812 1024 non
837 967 968 1040 quoniam
987 965 1016 1020 in
1033 966 1081 1022 illa
1099 968 1150 1022 sed

211 1057 226 1109 8
245 1053 312 1126 quia
333 1053 363 1107 in
384 1055 440 1109 alia
463 1073 494 1112 re
518 1062 560 1112 est
582 1056 752 1128 impotentia.
787 1054 915 1110 Dicimus
934 1068 1070 1124 namque:
1096 1053 1149 1106 iste

243 1138 325 1192 homo
342 1142 434 1208 potest
451 1139 538 1211 vinci,
562 1160 628 1212 pro:
654 1142 754 1215 aliquia
771 1146 863 1212 potest
880 1155 942 1194 eum
960 1137 1083 1206 vincere3
1110 1143 1149 1191 et:

243 1221 292 1278 ille
316 1241 371 1279 non
395 1227 488 1296 potest
511 1227 601 1297 vinci,
632 1245 697 1297 pro:
725 1226 818 1281 nullus
845 1241 908 1280 eum
924 1221 1034 1277 vincere
1050 1228 1150 1293 potest.

128 1313 139 1326 ⁸
209 1316 226 1367 9
243 1307 307 1365 Non
325 1309 398 1363 enim
417 1315 540 1380 potestas
560 1318 603 1367 est
627 1329 709 1383 posse
735 1311 810 1366 vinci
831 1310 880 1365 scd
897 1307 1073 1378 impotentia,
1097 1325 1149 1362 nec

194 1399 225 1451 1⁰
243 1393 317 1448 vinei
335 1410 391 1448 non
407 1411 489 1465 posse
510 1396 674 1467 impotentia
693 1403 735 1452 est
761 1396 810 1452 sed
836 1396 968 1467 potestas.
1003 1392 1063 1448 Nee
1083 1392 1149 1454 dici·
1185 1409 1187 1416 ⁴

242 1497 303 1533 mus
326 1477 419 1533 Deum
443 1482 608 1538 necessitate
631 1483 724 1540 facere
747 1480 852 1554 aliquid
875 1495 922 1547 eo,
948 1477 1023 1549 quod
1048 1479 1077 1532 in
1100 1477 1148 1532 illo

243 1562 280 1616 sit
301 1561 360 1617 ulla
385 1565 548 1637 necessitas,
574 1569 623 1623 sed
646 1567 777 1641 quoniam
802 1565 894 1621 estin
914 1563 979 1629 alio,
1001 1563 1074 1618 sicut
1091 1562 1149 1617 dixi

194 1653 223 1704 11
243 1647 278 1704 de
294 1647 464 1720 impotentia,
481 1650 592 1722 quando
612 1652 712 1708 dicitur
729 1670 786 1708 non
803 1667 892 1725 posse.
929 1647 1024 1702 Omnis
1045 1648 1149 1719 quippe

240 1733 392 1789 necessitas
422 1741 464 1789 est
493 1742 542 1792 aut
574 1739 680 1795 coactio
707 1745 756 1794 aut
782 1735 945 1809 prohibiti03
976 1750 1047 1805 quac
1076 1733 1149 1789 duae

240 1819 418 1876 necessitates
447 1827 646 1878 convertuntur
676 1823 794 1882 invicem
826 1819 976 1888 contrarie,
1006 1819 1078 1874 sicut
1102 1835 1149 1874 ne·

193 1908 224 1958 12
242 1921 318 1962 cesse
346 1912 374 1960 ct
399 1905 577 1979 impossibile.
626 1908 769 1983 Quidquid
795 1923 915 1979 namque
945 1903 1054 1976 cogitur
1080 1921 1149 1969 esse,

241 1989 404 2061 prohibetur
425 2009 482 2046 non
505 2009 578 2062 esse,
603 1999 632 2048 et
655 1995 730 2064 quod
756 1993 865 2065 cogitur
882 2007 938 2045 non
958 2006 1032 2058 esse,
1056 1990 1149 2061 prohi-

241 2077 323 2132 betur
347 2094 421 2146 esse3
448 2077 680 2148 quemadmodum
706 2077 781 2151 quod
804 2091 918 2132 necesse
941 2082 1075 2146 estesse,
1099 2076 1149 2131 im-

241 2161 374 2232 possibile
397 2168 518 2217 estnon
543 2179 614 2234 esse,
642 2168 670 2218 et
696 2163 771 2236 quod
798 2169 912 2219 necesse
936 2169 977 2218 est
1001 2179 1057 2217 non
1077 2179 1146 2232 esse,

193 2251 224 2303 13
241 2246 412 2320 impossibile
429 2254 472 2303 cst
490 2266 563 2319 esse,
587 2256 615 2305 ct
633 2249 793 2305 conversim
828 2247 899 2303 Cum
919 2252 1013 2302 autem
1030 2246 1148 2302 dicimus

241 2331 348 2406 aliquid
372 2348 485 2390 necesse
511 2353 571 2390 esse
593 2341 643 2390 aut
666 2353 723 2394 non
743 2353 802 2390 esse
821 2334 850 2388 in
870 2334 946 2402 Deo,
971 2350 1028 2388 non
1046 2331 1148 2388 intelli·

241 2419 328 2489 gitur,
354 2419 429 2490 quod
454 2419 491 2474 sit
516 2420 545 2474 in
567 2420 616 2476 illo
634 2419 785 2477 necessitas
804 2425 854 2474 aut
870 2435 972 2490 cogens
991 2423 1040 2472 aut
1056 2417 1147 2489 prohi-

241 2501 324 2572 bens,
353 2501 403 2558 sed
423 2504 609 2577 significatur,
637 2506 712 2578 quod
730 2504 760 2559 in
780 2503 906 2560 omnibns
926 2502 987 2556 aliis
1005 2503 1089 2558 rebus
1106 2508 1148 2558 est

240 2587 392 2642 necessitas
419 2589 569 2661 prohibens
597 2608 644 2646 eas
669 2591 762 2646 facere
784 2596 812 2646 et
836 2604 939 2661 cogens
964 2604 1021 2642 non
1042 2589 1147 2658 faeerc3

192 2669 223 2720 14
241 2678 337 2728 eontra
359 2671 412 2728 hoe
436 2675 510 2745 quod
535 2675 569 2731 de
593 2676 654 2731 Deo
682 2675 790 2731 dicitur.
832 2675 905 2731 Nam
932 2687 998 2727 'cum
1022 2674 1146 2741 dicimus,

240 2745 448 2830 quod'n'ecesse
467 2767 510 2815 est
524 2761 617 2817 Deum
640 2779 748 2833 semper
765 2777 860 2817 verum
878 2757 971 2814 dicere
988 2763 1018 2814 ct
1033 2774 1147 2814 necesse

240 2850 282 2900 est
299 2860 362 2899 cum
380 2861 522 2917 nunquam
540 2847 665 2917 mentiri3
690 2864 747 2902 non
773 2846 875 2900 dicitur
893 2843 984 2915 aliud,
1008 2843 1062 2898 nisi
1081 2842 1147 2915 quia

240 2934 319 2985 tanta
337 2936 379 2986 est
403 2932 433 2986 in
457 2931 504 2986 illo
529 2933 684 2988 constantia
711 2931 839 2988 servandi
862 2929 1019 2998 veritatem,
1044 2935 1076 2984 ut
1099 2943 1146 2983 no·

239 3031 315 3073 cesse
341 3018 378 3071 sit
400 3018 506 3072 nullam
528 3033 587 3072 rem
610 3017 701 3074 facere
718 3034 811 3089 posse,
835 3019 867 3068 ut
885 3030 981 3068 verum
997 3029 1054 3068 non
1072 3013 1148 3067 dicat

189 3096 220 3146 15
239 3107 289 3155 aut
307 3108 339 3156 ut
357 3104 514 3160 mentiatur.
550 3101 725 3174 Quapropter
744 3119 807 3157 cum
825 3101 957 3170 dicimus,
979 3100 1045 3171 quia
1063 3099 1145 3154 homo

237 3185 299 3256 ilie,
317 3187 365 3259 qui
388 3189 539 3244 secundum
560 3188 694 3244 unitatem
717 3203 851 3260 personae
872 3185 955 3257 (sicut
971 3201 1056 3257 supra
1065 3186 1086 3256 ¹)
1105 3182 1144 3238 di·

240 3349 244 3365 ’
309 3342 420 3408 1)c.7.
