2638 3818
353 355 356 362 Ι
393 287 471 348 eun
488 285 591 360 nnus
607 283 725 342 nouo.
754 285 782 340 ,ι
802 291 869 355 ιι,
1057 289 1082 366 Ιει

169 457 230 518 leat
261 457 394 528 evellere3
421 474 439 513 a
464 464 493 512 te
520 461 586 526 peto
612 455 688 534 mihi·
704 455 816 528 aperui,
844 455 933 528 quod,
959 462 991 516 ut
1019 457 1081 526 sois,

169 543 269 615 plures
296 560 406 600 meeum
433 547 548 612 petunt:
580 557 636 612 qua
662 540 828 606 neeessitata
851 540 959 598 scilieet
985 549 1013 598 et
1038 559 1080 601 ra·

168 628 248 686 tione
265 628 353 699 Deus,
374 645 439 684 enm
458 625 495 680 sit
511 625 700 696 omnipotens,
717 621 904 684 humilitatem
922 632 951 681 et
968 625 1080 684 infirmi·

168 718 261 770 tatem
296 713 435 768 humanae
473 715 587 772 naturae
623 729 674 783 pro
710 712 769 767 eius
803 711 1006 768 restauratione
1036 730 1078 768 as-

169 795 324 852 sumserit?
367 795 522 852 Ausetanos.
563 796 646 863 Quod
670 797 781 868 quaeris
803 813 821 852 a
843 813 903 866 me,
926 812 1012 866 supra
1034 804 1112 854 mat

169 888 228 952 est,
253 887 282 938 et
297 881 402 936 ideireo
418 881 514 939 altiora
530 899 575 938 me
593 888 714 938 tractare
729 881 829 951 timeo,
855 898 891 938 ne
908 881 993 952 forte,
1015 898 1079 937 oum

169 964 316 1038 putaverit
339 968 494 1023 autetiam
519 968 622 1024 viderit
647 965 749 1038 aliquis
772 982 818 1020 me
843 984 901 1022 non
923 965 978 1022 sibi
1000 966 1079 1022 satis·

168 1051 275 1121 faeere,
298 1051 361 1122 plue
378 1054 515 1110 existimet
529 1053 571 1110 rei
591 1051 736 1108 veritatem
751 1051 819 1106 mihi
836 1050 969 1123 deficere,
994 1069 1078 1125 quam

170 1133 345 1208 intellectum
373 1155 472 1194 meum
505 1139 542 1194 ad
574 1154 635 1196 eam
664 1136 830 1207 capiendam
855 1153 912 1192 non
941 1135 1077 1194 sufficere.

171 1223 244 1273 Boe.
267 1219 329 1276 Non
347 1221 400 1278 hoe
422 1230 533 1280 tantum
557 1223 655 1278 timere
673 1221 772 1290 debes,
798 1227 934 1292 quantum
954 1228 982 1277 et
997 1223 1113 1278 remi-4

172 1304 260 1378 niaoi,
287 1307 351 1379 qnia
377 1326 461 1380 saepe
491 1309 628 1381 contingit
652 1308 682 1362 in
706 1306 889 1379 colloquendo
921 1306 957 1362 de
983 1307 1078 1379 aliqua

176 1392 343 1463 quaestione,
360 1398 393 1448 nt
409 1393 487 1449 Deus
506 1393 614 1464 aperiat
632 1394 709 1466 quod
726 1392 804 1463 prins
826 1389 947 1462 latebat3
972 1397 1001 1446 et
1017 1410 1078 1463 spe·

173 1491 236 1546 aare
257 1477 291 1536 de
315 1479 408 1552 gratia
422 1477 494 1544 Dei,
521 1478 599 1550 quia,
628 1478 652 1534 si
673 1495 707 1533 ea
731 1494 803 1549 quae
825 1476 912 1548 gratis
937 1476 1078 1549 aoeepieti,

176 1561 291 1622 libenter
317 1562 481 1636 impunes,
511 1563 611 1620 altiora
638 1563 675 1618 ad
704 1579 776 1634 quae
801 1561 925 1622 nondum
950 1561 1076 1635 attigisti,

173 1646 319 1704 mereberis
346 1649 481 1718 aeeipere.
516 1653 585 1702 Ans.
620 1646 672 1701 Est
697 1654 726 1702 et
749 1646 839 1715 aliud,
862 1653 978 1718 propter
1001 1642 1110 1719 qnod5

173 1731 252 1788 video
270 1739 320 1789 aut
335 1734 383 1789 vix
402 1738 451 1788 aut
475 1731 633 1788 nullatenus
656 1747 738 1802 posse
755 1731 921 1802 adplenum
936 1730 1009 1787 inter
1026 1749 1076 1788 nos

172 1816 208 1880 de
228 1817 282 1874 hae
299 1835 330 1890 re
347 1835 422 1873 nuno
438 1816 569 1887 tractari3
588 1817 719 1888 qnoniam
738 1816 774 1871 ad
791 1816 844 1875 hoe
861 1822 904 1872 est
921 1817 1078 1872 necessaria

168 1903 271 1960 notitia
288 1903 435 1974 potestatis
452 1901 626 1958 necessitatis
643 1901 820 1970 voluntatis1)
839 1906 867 1956 et
879 1901 996 1956 aliarum
1010 1917 1076 1974 qua·

168 1989 290 2050 nundam
307 2006 408 2060 rerum,
426 2005 500 2061 quae
518 1988 559 2044 sio
577 2005 607 2044 ee
624 1987 741 2058 habent,
759 1992 902 2042 uteorum
920 1985 1077 2056 nulla'pos·

168 2073 206 2128 eit
222 2072 304 2145 plene
322 2073 381 2130 sine
404 2074 467 2129 aliis
490 2074 678 2143 considerem
700 2078 729 2130 et
745 2071 809 2128 ideo
827 2075 962 2128 uocatus
981 2087 1076 2127 earum

166 2175 250 2212 sunm
272 2174 342 2229 opus
364 2158 487 2229 postulat
513 2175 570 2213 non
593 2159 724 2230 multum,
750 2165 783 2214 ut
810 2164 891 2230 puto,
916 2156 999 2211 facile
1023 2173 1075 2212 nee

167 2242 280 2300 omnino
304 2243 419 2316 inutile;
449 2261 514 2300 nam
537 2261 632 2300 earum
657 2242 820 2314 ignorantia
845 2243 982 2313 quaedam
1006 2242 1076 2298 facit

167 2328 302 2392 difficilis,
321 2346 393 2400 quae
411 2348 461 2400 per
479 2328 713 2386 earumnotitiam
729 2327 800 2383 fiunt
810 2327 912 2381 facilia
938 2328 1008 2385 Boo.
1027 2327 1073 2383 Sie
1092 2329 1108 2379 6

166 2413 290 2476 breviter
307 2414 342 2470 de
360 2413 404 2468 his
420 2415 478 2470 suis
496 2414 566 2470 loeis
585 2415 677 2470 dicere
692 2413 805 2485 poteris,
830 2418 863 2467 nt
880 2418 908 2467 et
925 2412 1000 2484 qnod
1017 2411 1073 2468 suf·

168 2497 246 2554 ficiat
263 2499 302 2554 ad
326 2516 458 2571 praesens
483 2517 552 2572 opus
568 2499 735 2568 habeamus,
758 2504 786 2553 et
805 2497 880 2570 quod
898 2497 963 2566 plus
981 2495 1074 2554 dioen-

168 2582 236 2644 dum
254 2584 344 2640 estin
361 2585 439 2642 aliud
457 2591 567 2656 tempus
587 2585 755 2640 differamus.
789 2584 857 2637 Ans.
883 2579 945 2637 Hoe
962 2577 1108 2656 quoque?

167 2668 286 2730 multum
303 2688 347 2726 me
371 2671 488 2728 retrahit
509 2688 528 2726 a
544 2671 677 2742 petitione
700 2676 762 2739 tua,
790 2668 856 2740 quia
878 2667 995 2724 matoria
1018 2687 1076 2724 non

168 2753 259 2808 solum
280 2756 413 2826 pretiosa,
436 2757 489 2812 aed
514 2755 588 2811 aient
613 2761 656 2811 eet
675 2754 710 2809 de
728 2751 853 2824 speciosa
870 2751 988 2820 forma2)
1006 2769 1075 2825 prae

166 2837 233 2898 filiis
252 2838 408 2910 hominum,
431 2840 471 2896 eie
502 2839 585 2896 etiam
608 2845 651 2895 eet
670 2839 705 2894 de
724 2838 851 2910 speciosa
868 2838 975 2894 ratione
991 2854 1075 2908 super

167 2921 324 2980 inselleoms
336 2926 491 2996 hominum3
511 2925 587 2980 unde
604 2925 695 2993 timeo,
713 2940 757 2992 ne,
774 2920 1008 2995 quemadmodum
1022 2935 1075 2990 ego

168 3006 245 3062 soleo
262 3008 401 3082 indignari
422 3010 516 3083 pravis
539 3008 706 3081 pietoribus,
728 3024 793 3061 enm
816 3007 907 3077 ipsum
922 3002 1075 3060 Dominum

167 3097 293 3148 noenum
316 3091 426 3151 informi
448 3095 539 3167 figura
558 3093 638 3166 pingi
656 3092 751 3163 video,
780 3091 820 3147 ita
839 3089 906 3145 mihi
923 3086 1099 3160 continget„

239 3251 264 3312 1)
280 3248 428 3318 potestatis
447 3257 473 3304 et
489 3245 660 3302 monetatis
679 3254 706 3300 et
722 3241 873 3300 votauota
890 3237 970 3296 Aah
981 3239 1029 3298 eB
1042 3239 1074 3300 0.

236 3320 265 3386 2)
285 3317 525 3390 epeeiomsorosa
540 3315 623 3374 Aba
640 3315 663 3372 0
681 3313 707 3370 E
724 3313 784 3369 1⁴¹0.

882 3360 918 3451 μ’
