2638 3818
206 293 249 360 4ss
386 289 414 347 s,
433 287 605 346 susurru
622 285 928 346 centucellensis

205 461 278 530 Dec,
303 459 441 532 quidquid
466 458 502 514 de
528 457 650 512 humana
674 463 775 514 natus
798 458 891 514 facere
909 457 1117 527 proposueratis

172 547 275 604 dBcs.
310 545 375 606 Non
399 552 492 616 petest
515 545 622 616 negari.
657 545 725 598 Aac.
760 544 878 600 Intende
902 543 932 596 in
959 541 1114 598 districtam

207 630 355 702 iustitiam
384 637 413 686 et
437 631 532 686 iudica
554 629 705 684 secundum
731 629 831 698 illsm‚'
847 634 941 684 utrum
956 627 995 682 ad
1012 643 1114 698 aequa·
1178 689 1180 692 v

206 716 315 771 litatem
337 716 478 786 peccati1)
503 717 585 772 homo
612 715 767 769 satisfaciat
790 715 865 785 Deo,
894 713 948 768 nisi
965 712 996 766 id
1012 712 1115 783 ipsum,

208 801 283 872 quod
301 800 487 871 permittendo
510 816 539 854 se
562 799 636 852 vinei
656 817 674 854 a
692 800 803 855 diabolo
822 801 884 856 Deo
902 799 1033 868 abstulit,
1056 797 1115 856 dia-

206 887 303 942 bolum
328 885 465 940 vincendo
490 884 634 951 restituat,
669 889 701 939 ut
730 885 963 955 quemadmodum
988 901 1038 955 per
1061 884 1116 940 hcc

208 971 284 1043 quod
302 971 392 1024 vietus
412 974 455 1024 est
470 968 564 1038 rapuit
583 967 711 1023 diabolus
730 970 806 1038 quod
823 969 877 1024 Dei
894 976 968 1039 erat,
992 976 1020 1026 et
1037 968 1115 1034 Deus

207 1055 345 1128 perdidit,
373 1055 414 1110 ita
435 1071 486 1126 per
503 1054 555 1109 hoc
585 1053 660 1127 quod
686 1052 782 1114 vincat
805 1055 906 1125 perdat
923 1055 1064 1122 diabolus,
1088 1071 1118 1111 et

208 1141 287 1196 Deus
307 1148 458 1211 recuperet
489 1143 558 1194 Bos.
577 1139 620 1196 Ne
659 1138 809 1196 districtius
827 1157 879 1202 nec
898 1140 997 1196 iustius
1011 1141 1117 1213 aliquid

177 1231 301 1296 tpotest
322 1227 448 1298 cogitari.
483 1228 552 1281 Aac.
586 1225 711 1281 Putasne
733 1243 869 1282 summam
894 1226 1029 1282 iustitiam
1045 1227 1117 1282 hauc

178 1328 181 1334 ’
209 1311 343 1368 iustitiam
372 1329 453 1382 posse
490 1311 614 1367 violare?
666 1312 736 1367 Boe.
771 1311 835 1370 Non
867 1313 957 1367 audeo
986 1313 1118 1384 cogitare.

176 1403 193 1453 6
210 1401 280 1455 Aac.
311 1400 478 1456 Nullateuus
496 1414 563 1468 ergo
589 1397 674 1452 debet
697 1405 748 1452 aut
772 1404 866 1468 potest
887 1397 1015 1468 accipere
1036 1399 1118 1454 homo

102 1483 103 1486 ’
210 1503 229 1542 e
251 1485 313 1540 Deo
341 1485 417 1555 quod
443 1484 520 1538 Deus
547 1484 590 1538 illi
615 1484 682 1538 dare
699 1483 868 1552 proposuit,
895 1484 919 1538 si
944 1500 1001 1538 non
1026 1483 1119 1540 reddit

210 1571 273 1625 Dec
295 1575 385 1626 tetum
408 1570 485 1640 quod
508 1568 550 1624 illi
572 1569 701 1639 abscidit3
727 1573 759 1622 ut
785 1568 858 1624 sicut
875 1585 925 1640 per
942 1568 1021 1624 illum
1039 1569 1118 1625 Deris

179 1655 348 1727 tperdidic,
383 1655 424 1710 ita
453 1671 503 1726 per
533 1654 612 1708 illum
641 1655 719 1709 Deus
747 1660 900 1724 recuperet
952 1653 1034 1719 Quod
1062 1672 1119 1710 nou

211 1741 292 1798 aliter
309 1739 370 1797 fieri
384 1741 473 1810 valet,
499 1741 555 1794 nisi
572 1745 604 1794 ut
623 1739 855 1811 quemadmodum
870 1755 922 1810 per
938 1739 1042 1794 victum
1058 1745 1119 1794 tota

211 1827 334 1886 humana
359 1833 460 1882 actura
489 1830 620 1897 corrupta
645 1832 674 1882 et
699 1823 780 1895 quasi
806 1823 973 1881 fermentata
990 1832 1033 1883 est
1054 1841 1119 1895 pec-

211 1920 292 1982 cato,
318 1928 382 1968 cum
407 1930 463 1984 quo
489 1912 597 1976 nullum
621 1910 699 1966 Deus
728 1909 844 1965 assumit
866 1911 904 1965 ad
923 1910 1120 1981 perficiendam

211 1999 291 2056 illam
313 1999 455 2054 civitatem
476 1998 639 2066 coelestem
665 1995 706 2050 ita
728 2009 779 2064 per
795 1995 952 2052 vincentem
971 1995 1129 2052 iustifieenr

212 2092 259 2142 mr
275 2101 294 2139 a
309 2091 425 2154 peccato
450 2088 493 2138 tot
517 2081 656 2150 homiues,
682 2086 750 2151 quot
780 2080 859 2136 illum
881 2098 1027 2138 numemm
1047 2098 1120 2136 com·

213 2169 317 2242 pleturi
343 2172 435 2237 erant,
461 2167 499 2222 ad
526 2184 609 2238 quem
632 2166 827 2236 complendum
847 2166 939 2222 factus
966 2173 1008 2222 est
1030 2167 1120 2221 homo.

213 2253 271 2311 Sed
286 2253 339 2310 hoc
367 2253 461 2309 fecere
486 2252 645 2308 nullatenus
667 2257 760 2323 potest
782 2253 865 2308 homo
887 2258 1033 2324 peccator,
1055 2250 1122 2322 quia

182 2345 346 2412 speceator
372 2345 546 2411 peccatorem
572 2337 723 2394 iustificare
747 2339 851 2411 nequit.
890 2342 959 2396 Boe.
990 2337 1028 2393 Et
1052 2334 1123 2392 nihil

215 2425 315 2480 iustius
332 2430 362 2484 et
377 2424 447 2479 nihil
464 2423 679 2496 impossibilium
707 2423 758 2477 sed
782 2441 815 2478 ex
839 2423 882 2478 his
900 2423 1029 2478 omnibus
1047 2421 1122 2476 vide-

215 2516 262 2564 tur
285 2509 473 2566 misericordia
495 2507 551 2565 Dei
575 2513 604 2562 et
629 2524 692 2578 spes
714 2508 832 2564 hominis
855 2509 960 2580 perire,
988 2511 1124 2579 quantum

215 2595 254 2650 ad
281 2595 485 2651 beatitudinem
516 2598 639 2664 spectat,
657 2593 706 2646 -ad
738 2611 823 2664 quam
846 2595 939 2648 factus
965 2597 1008 2648 est
1031 2591 1123 2648 homo.

216 2682 286 2736 ‘rica
303 2667 444 2751 Exspedta
464 2679 555 2734 adhue
572 2695 680 2750 parum.
705 2683 774 2734 Bos.
794 2679 869 2744 Quid
884 2678 970 2734 hebes
983 2673 1123 2750 amplius?

184 2843 198 2897 1
294 2815 365 2902 24.
416 2799 494 2904 Am)
524 2847 555 2903 si
572 2845 654 2902 homo
676 2847 779 2904 cretur
793 2848 926 2918 iniustis,
953 2848 1001 2920 qu
1018 2847 1124 2904 homini

218 2948 276 2990 uon
298 2932 392 2990 reddit
415 2932 490 3005 quod
514 2930 608 3002 debet,
634 2932 721 2988 multo
744 2933 834 3004 magis
859 2933 978 2988 iniustus
996 2939 1056 3004 ests
1075 2933 1124 3005 qui

184 3016 280 3094 2Deo
302 3018 383 3090 'quod
413 3018 496 3074 debet
520 3029 577 3073 non
601 3017 700 3074 reddit
734 3019 804 3074 Boc.
838 3015 870 3074 Si
896 3023 989 3089 potest
1013 3023 1042 3075 et
1057 3017 1124 3088 :uon

291 3205 317 3273 1)
336 3203 394 3262 cfr.
407 3221 430 3260 c.
449 3210 492 3274 20,
514 3209 541 3260 1:
560 3203 728 3274 „secundum
746 3221 903 3260 mensuram
915 3206 1030 3274 peceati
1045 3221 1124 3277 opor·

219 3278 261 3329 tet
273 3273 341 3328 satis
352 3272 500 3327 factionem
513 3274 598 3328 esse.“
609 3289 633 3331 c.
643 3279 686 3344 21,
698 3277 745 3328 13:
761 3274 931 3342 ‚secuudum
942 3275 1124 3345 quantitatem

218 3341 307 3414 exigit
323 3340 402 3397 Deus
418 3340 668 3411 sutisi'uctionena‘i.¹
693 3397 701 3408 ,
