2638 3818
367 294 443 350 cun
461 291 562 348 nnus
579 288 699 344 nono.
732 289 755 344 1.
776 293 818 344 23.
836 294 878 346 m.
1034 289 1080 355 4⁷-

172 465 275 534 reddit,
296 465 361 520 vere
380 463 500 518 iniustus
520 467 570 514 est.
604 459 716 515 sivero
734 463 914 529 conponat,
940 458 1078 529 quomodo

172 551 290 606 iniustus
313 550 374 606 est?
411 548 483 601 Ana.
517 545 645 601 Forsitan
666 546 691 600 si
713 546 791 601 nulla
813 545 843 598 in
864 544 913 598 illo
933 551 976 599 est
992 545 1112 614 impe-3

172 636 275 691 tentiae
301 651 399 701 causa,
428 631 602 702 aliquatenus
629 631 753 688 exemeri
778 636 878 702 potest.
918 629 974 685 Sed
999 630 1022 683 si
1049 631 1079 684 in

173 721 235 791 ipsa
250 717 416 791 impotentia
440 723 482 773 cst
500 718 597 788 culpa:
626 718 698 772 sicut
723 735 780 772 non
803 715 908 786 levigat
925 721 1080 786 peccatum,
1123 725 1125 728 ·

173 805 213 861 ita
234 823 291 860 non
316 806 432 858 excusat
457 819 512 856 non
532 802 695 857 reddentem
716 801 849 857 debitum.
884 798 960 858 Nam*
974 801 999 856 ai
1018 801 1080 872 quis
1097 809 1114 858 4

174 892 305 962 iniungat
330 887 443 958 aliquod
465 905 534 958 opus
559 904 638 942 servo
662 903 711 941 suo
737 893 765 943 et
788 887 943 958 praecipiat
965 886 1020 957 illi,
1044 903 1080 940 ne

176 975 290 1032 deiiciat
309 989 339 1028 so
357 973 386 1027 in
410 973 519 1028 foveam
537 989 621 1044 quam
646 972 687 1026 illi
705 977 851 1040 monstrat,
862 978 881 1041 ¹)
900 974 975 1029 unde
993 972 1081 1027 nulla-

175 1069 258 1118 tenus
278 1059 352 1114 exire
371 1058 469 1130 possit3
497 1063 525 1114 et
543 1073 638 1112 cervus
658 1055 705 1109 ille
724 1060 902 1110 contemnens
920 1058 1081 1113 mandatum

176 1152 206 1201 et
232 1144 406 1218 monitionem
430 1145 533 1199 domini
556 1141 600 1198 eui
623 1146 720 1211 sponte
738 1155 768 1193 ee
787 1140 816 1194 in
834 1149 1083 1220 praemonstratam

176 1231 270 1286 mittat
293 1228 415 1298 foveam,
439 1235 472 1282 ut
495 1227 655 1282 nullatenus
676 1225 767 1296 possit
783 1225 938 1282 iniunctum
956 1245 1026 1300 opus
1043 1230 1083 1285 ef·

175 1315 273 1370 ficere:
299 1320 417 1386 putasne
442 1313 484 1368 illi
511 1312 688 1383 aliquatenus
716 1311 909 1382 impotentiam
935 1312 1018 1368 istam
1045 1316 1082 1369 ad

177 1402 379 1456 excusationem
406 1400 515 1468 valere,
547 1415 598 1453 our
628 1415 698 1469 opus
720 1397 876 1453 iniunctum
898 1416 955 1454 non
978 1399 1082 1454 faciat?

178 1489 247 1540 Boc.
280 1485 363 1543 Nullo
389 1486 485 1552 modo,
512 1484 562 1538 sed
589 1484 626 1538 ad
651 1489 832 1556 augmentum
857 1484 950 1554 potins
974 1485 1117 1556 eulpae,5

178 1571 307 1642 quoniam
330 1573 390 1643 ipse
415 1569 606 1640 impotentiam
630 1569 707 1624 illam
731 1569 785 1624 eibi
809 1569 886 1624 feeit
927 1569 1085 1640 Dupliciter

179 1671 297 1726 namque
322 1655 464 1726 peccavit,
492 1655 557 1725 quia
581 1660 609 1710 ct
634 1656 709 1726 quod
735 1655 826 1708 iussus
852 1659 896 1707 est
916 1653 1011 1710 facere
1028 1674 1084 1712 non

178 1739 251 1808 fecit,
272 1745 300 1798 et
318 1741 394 1811 quod
410 1746 593 1810 praeceptum
614 1746 657 1795 est
675 1756 710 1794 ne
726 1738 833 1795 faceret
844 1737 920 1793 fecit.
950 1741 1021 1794 Ans.
1041 1741 1087 1795 Ita
1103 1746 1119 1796 6

178 1823 275 1893 homo,
298 1822 347 1894 qui
370 1841 401 1878 se
421 1831 520 1896 sponte
539 1824 676 1896 obligavit
700 1824 749 1878 illo
776 1824 869 1880 debito
887 1824 963 1894 qnod
980 1825 1087 1881 solvere

178 1925 234 1965 non
251 1915 399 1980 potestat
416 1927 467 1964 sua
484 1911 569 1982 culpa
587 1909 689 1967 deiecit
707 1926 737 1964 se
754 1909 784 1963 in
795 1909 868 1964 hane
886 1908 1086 1980 impotentiam,

177 2000 210 2050 ut
228 2011 280 2050 nec
298 1993 369 2048 illud
383 1996 472 2065 possit
491 1997 597 2051 solvere
615 1995 691 2067 quod
710 1994 834 2050 debebat
850 2000 917 2050 ante
931 2003 1087 2067 peecatum,

178 2081 209 2134 id
226 2086 278 2150 est,
295 2097 331 2135 ue
349 2088 492 2152 peccaret,
509 2099 560 2137 nec
577 2082 630 2137 hoc
648 2082 724 2154 quod
741 2081 837 2152 debet,
861 2080 928 2152 quia
945 2082 1087 2152 peccavit:

178 2165 377 2222 inexcusabilis
405 2170 456 2221 est.
499 2163 566 2236 Ipsa
592 2183 713 2238 namque
740 2166 905 2238 impotentia
930 2168 1016 2238 eulpa
1037 2167 1121 2238 asti

178 2253 327 2324 quianon
350 2251 435 2306 debet
455 2265 517 2306 eam
541 2250 660 2322 habere,
684 2252 740 2306 imo
766 2251 850 2308 debet
874 2269 937 2308 eam
962 2270 1019 2308 non
1041 2254 1089 2309 ha·

181 2337 263 2408 bere3
299 2355 365 2392 nam
395 2337 469 2391 sicut
497 2336 582 2407 culpa
610 2343 652 2391 est
681 2353 737 2391 non
766 2335 872 2392 habere
902 2337 977 2410 quod
1007 2338 1091 2394 debet

181 2421 298 2494 babere,
324 2424 365 2478 ita
391 2421 477 2492 culpa
502 2427 545 2475 est
565 2420 670 2477 habere
697 2421 772 2494 quod
797 2421 881 2477 debet
907 2423 1089 2493 non‘hebere

181 2508 262 2564 Sicut
292 2526 359 2581 ergo
387 2507 471 2579 culpa
500 2511 543 2562 est
570 2504 674 2560 honn'ni
704 2523 760 2561 non
790 2506 895 2562 babere
923 2513 1123 2579 potestatem8

182 2593 275 2662 iliam,
303 2611 387 2666 quum
417 2591 527 2662 accepit
554 2597 587 2645 ut
613 2597 708 2662 posset
732 2608 831 2648 carcre
856 2600 1018 2663 peccatum,
1049 2597 1090 2652 aie

181 2677 269 2748 oudpa
293 2685 334 2734 ast
355 2678 397 2734 illi
420 2678 523 2733 babere
550 2675 754 2747 impotentiam,
788 2693 845 2748 qua
877 2696 930 2735 uec
956 2680 1091 2738 iustitiam

183 2771 281 2818 tenere
297 2769 325 2818 et
342 2769 491 2834 peccatum
508 2777 619 2832 cavero,
637 2777 691 2816 nee
712 2761 786 2834 quod
805 2780 856 2833 pro
873 2772 990 2835 peccato
1007 2765 1091 2820 debet

184 2846 303 2904 reddere
330 2853 430 2918 potest.
478 2845 584 2918 Sponte
609 2861 731 2917 namque
758 2845 838 2918 iacit,
870 2849 945 2905 unde
969 2847 1125 2920 perdidit9

184 2931 264 2986 illam
281 2937 448 3003 potestatem
466 2941 495 2990 et
513 2931 626 2990 devenit
645 2931 675 2986 in
692 2931 766 2986 hano
783 2931 981 3003 impotentiam.
1010 2932 1091 2990 Idam

187 3014 263 3070 anim
285 3019 343 3084 est,
370 3033 427 3073 non
448 3017 554 3074 habere
577 3022 743 3087 potestatem
766 3033 850 3088 quam
874 3017 958 3073 debet
981 3016 1092 3087 habore,

186 3105 218 3156 et
241 3099 344 3156 habam
366 3099 557 3174 impotentiam
582 3117 668 3172 quam
692 3101 777 3158 debet
800 3119 857 3166 uon
872 3101 984 3158 habere.
1019 3101 1144 3168 Qua-10

185 3191 303 3258 propter
331 3185 495 3258 impotentia
524 3184 660 3242 reddendi
687 3185 751 3242 Deo
781 3185 857 3257 quod
888 3185 986 3258 debet¹
1021 3202 1093 3258 quae

260 3342 286 3409 1)
304 3347 442 3394 monstrat
457 3338 566 3396 Aabc
583 3338 668 3395 nra
684 3369 719 3382 -·
736 3339 919 3410 demonstrat!
