<?xml version="1.0" encoding="UTF-8"?>
<!DOCTYPE html PUBLIC "-//W3C//DTD XHTML 1.0 Transitional//EN"
    "http://www.w3.org/TR/xhtml1/DTD/xhtml1-transitional.dtd">
<html xmlns="http://www.w3.org/1999/xhtml" xml:lang="en" lang="en">
 <head>
  <title>
</title>
<meta http-equiv="Content-Type" content="text/html;charset=utf-8" />
  <meta name='ocr-system' content='tesseract 3.04.00' />
  <meta name='ocr-capabilities' content='ocr_page ocr_carea ocr_par ocr_line ocrx_word'/>
</head>
<body>
  <div class='ocr_page' id='page_1' title='image "./sanselmicantuar03laemgoog_0037.png"; bbox 0 0 2638 3818; ppageno 0'>
   <div class='ocr_carea' id='block_1_1' title="bbox 227 281 953 354">
    <p class='ocr_par' dir='ltr' id='par_1_1' title="bbox 227 281 953 354">
     <span class='ocr_line' id='line_1_1' title="bbox 227 281 953 354; baseline 0.001 -15"><span class='ocrx_word' id='word_1_1' title='bbox 227 286 268 354; x_wconf 73' lang='lat'>12</span> <span class='ocrx_word' id='word_1_2' title='bbox 408 283 437 340; x_wconf 84' lang='lat' dir='ltr'>S.</span> <span class='ocrx_word' id='word_1_3' title='bbox 449 283 628 342; x_wconf 68' lang='lat' dir='ltr'>,Ausum</span> <span class='ocrx_word' id='word_1_4' title='bbox 646 281 953 342; x_wconf 78' lang='lat' dir='ltr'><strong>OANTUARIENSIS</strong></span> 
     </span>
    </p>
   </div>
   <div class='ocr_carea' id='block_1_2' title="bbox 176 450 1136 3082">
    <p class='ocr_par' dir='ltr' id='par_1_2' title="bbox 176 450 1136 3082">
     <span class='ocr_line' id='line_1_2' title="bbox 182 450 1133 522; baseline -0.004 -10"><span class='ocrx_word' id='word_1_5' title='bbox 182 473 184 482; x_wconf 52' lang='lat'><strong><em>¹</em></strong></span> <span class='ocrx_word' id='word_1_6' title='bbox 226 469 322 512; x_wconf 84' lang='lat' dir='ltr'>sonam</span> <span class='ocrx_word' id='word_1_7' title='bbox 345 453 375 510; x_wconf 91' lang='lat' dir='ltr'>in</span> <span class='ocrx_word' id='word_1_8' title='bbox 399 452 508 508; x_wconf 82' lang='lat' dir='ltr'>duabus</span> <span class='ocrx_word' id='word_1_9' title='bbox 530 451 638 508; x_wconf 73' lang='lat' dir='ltr'>uatuds</span> <span class='ocrx_word' id='word_1_10' title='bbox 661 457 690 506; x_wconf 88' lang='lat' dir='ltr'>ot</span> <span class='ocrx_word' id='word_1_11' title='bbox 712 451 782 508; x_wconf 87' lang='lat' dir='ltr'>duas</span> <span class='ocrx_word' id='word_1_12' title='bbox 807 457 921 508; x_wconf 72' lang='lat' dir='ltr'>natiuae</span> <span class='ocrx_word' id='word_1_13' title='bbox 943 450 974 506; x_wconf 88' lang='lat' dir='ltr'>in</span> <span class='ocrx_word' id='word_1_14' title='bbox 994 465 1053 508; x_wconf 89' lang='lat' dir='ltr'>una·</span> <span class='ocrx_word' id='word_1_15' title='bbox 1068 468 1133 522; x_wconf 49' lang='lat' dir='ltr'>per·¹</span> 
     </span>
     <span class='ocr_line' id='line_1_3' title="bbox 191 532 1132 609; baseline 0 -19"><span class='ocrx_word' id='word_1_16' title='bbox 191 540 303 595; x_wconf 80' lang='lat' dir='ltr'>laona.</span> <span class='ocrx_word' id='word_1_17' title='bbox 338 532 524 609; x_wconf 75' lang='lat' dir='ltr'>&#39;Quapropter</span> <span class='ocrx_word' id='word_1_18' title='bbox 549 554 614 592; x_wconf 86' lang='lat' dir='ltr'>eum</span> <span class='ocrx_word' id='word_1_19' title='bbox 640 535 757 592; x_wconf 76' lang='lat' dir='ltr'>&lt;linimus</span> <span class='ocrx_word' id='word_1_20' title='bbox 780 537 872 594; x_wconf 88' lang='lat' dir='ltr'>Deum</span> <span class='ocrx_word' id='word_1_21' title='bbox 894 536 1001 608; x_wconf 87' lang='lat' dir='ltr'>aliquid</span> <span class='ocrx_word' id='word_1_22' title='bbox 1026 536 1132 592; x_wconf 89' lang='lat' dir='ltr'>humile</span> 
     </span>
     <span class='ocr_line' id='line_1_4' title="bbox 223 621 1132 694; baseline -0.004 -15"><span class='ocrx_word' id='word_1_23' title='bbox 223 629 274 682; x_wconf 86' lang='lat' dir='ltr'>aut</span> <span class='ocrx_word' id='word_1_24' title='bbox 289 623 429 680; x_wconf 87' lang='lat' dir='ltr'>infirmum</span> <span class='ocrx_word' id='word_1_25' title='bbox 444 622 518 694; x_wconf 89' lang='lat' dir='ltr'>pati,</span> <span class='ocrx_word' id='word_1_26' title='bbox 534 641 590 678; x_wconf 90' lang='lat' dir='ltr'>non</span> <span class='ocrx_word' id='word_1_27' title='bbox 607 622 661 676; x_wconf 91' lang='lat' dir='ltr'>hoo</span> <span class='ocrx_word' id='word_1_28' title='bbox 678 621 858 694; x_wconf 81' lang='lat' dir='ltr'>intelligimus</span> <span class='ocrx_word' id='word_1_29' title='bbox 876 625 1029 679; x_wconf 85' lang='lat' dir='ltr'>seeundum</span> <span class='ocrx_word' id='word_1_30' title='bbox 1044 621 1132 676; x_wconf 88' lang='lat' dir='ltr'>subli-</span> 
     </span>
     <span class='ocr_line' id='line_1_5' title="bbox 224 706 1131 778; baseline -0.004 -12"><span class='ocrx_word' id='word_1_31' title='bbox 224 710 350 768; x_wconf 79' lang='lat' dir='ltr'>mitatem</span> <span class='ocrx_word' id='word_1_32' title='bbox 375 708 554 778; x_wconf 84' lang='lat' dir='ltr'>impassibilis</span> <span class='ocrx_word' id='word_1_33' title='bbox 582 713 711 776; x_wconf 82' lang='lat' dir='ltr'>naturae,</span> <span class='ocrx_word' id='word_1_34' title='bbox 744 708 794 762; x_wconf 88' lang='lat' dir='ltr'>sed</span> <span class='ocrx_word' id='word_1_35' title='bbox 814 709 966 766; x_wconf 86' lang='lat' dir='ltr'>seeundum</span> <span class='ocrx_word' id='word_1_36' title='bbox 979 706 1131 762; x_wconf 85' lang='lat' dir='ltr'>infirmita·</span> 
     </span>
     <span class='ocr_line' id='line_1_6' title="bbox 224 791 1132 863; baseline -0.006 -12"><span class='ocrx_word' id='word_1_37' title='bbox 224 801 282 852; x_wconf 87' lang='lat' dir='ltr'>tom</span> <span class='ocrx_word' id='word_1_38' title='bbox 298 796 435 850; x_wconf 84' lang='lat' dir='ltr'>humanae</span> <span class='ocrx_word' id='word_1_39' title='bbox 457 791 631 847; x_wconf 86' lang='lat' dir='ltr'>substantiae</span> <span class='ocrx_word' id='word_1_40' title='bbox 653 807 736 861; x_wconf 89' lang='lat' dir='ltr'>quam</span> <span class='ocrx_word' id='word_1_41' title='bbox 761 793 891 863; x_wconf 81' lang='lat' dir='ltr'>gerebat3</span> <span class='ocrx_word' id='word_1_42' title='bbox 916 794 1002 850; x_wconf 84' lang='lat' dir='ltr'>etsie</span> <span class='ocrx_word' id='word_1_43' title='bbox 1019 799 1132 848; x_wconf 84' lang='lat' dir='ltr'>nostrae</span> 
     </span>
     <span class='ocr_line' id='line_1_7' title="bbox 192 877 1132 948; baseline 0 -16"><span class='ocrx_word' id='word_1_44' title='bbox 192 880 293 936; x_wconf 84' lang='lat' dir='ltr'>8fidei</span> <span class='ocrx_word' id='word_1_45' title='bbox 311 880 390 934; x_wconf 89' lang='lat' dir='ltr'>nulla</span> <span class='ocrx_word' id='word_1_46' title='bbox 411 877 482 932; x_wconf 86' lang='lat' dir='ltr'>ratio</span> <span class='ocrx_word' id='word_1_47' title='bbox 505 877 618 933; x_wconf 88' lang='lat' dir='ltr'>obviare</span> <span class='ocrx_word' id='word_1_48' title='bbox 640 877 826 948; x_wconf 80' lang='lat' dir='ltr'>cognoscitur.</span> <span class='ocrx_word' id='word_1_49' title='bbox 861 877 908 933; x_wconf 82' lang='lat' dir='ltr'>Sic</span> <span class='ocrx_word' id='word_1_50' title='bbox 930 879 1004 934; x_wconf 87' lang='lat' dir='ltr'>enim</span> <span class='ocrx_word' id='word_1_51' title='bbox 1024 878 1132 932; x_wconf 89' lang='lat' dir='ltr'>nullam</span> 
     </span>
     <span class='ocr_line' id='line_1_8' title="bbox 225 961 1132 1032; baseline -0.009 -8"><span class='ocrx_word' id='word_1_52' title='bbox 225 965 337 1024; x_wconf 81' lang='lat' dir='ltr'>divinae</span> <span class='ocrx_word' id='word_1_53' title='bbox 354 961 527 1020; x_wconf 86' lang='lat' dir='ltr'>substantiae</span> <span class='ocrx_word' id='word_1_54' title='bbox 544 961 732 1032; x_wconf 80' lang='lat' dir='ltr'>significamus</span> <span class='ocrx_word' id='word_1_55' title='bbox 752 962 950 1032; x_wconf 74' lang='lat' dir='ltr'>humilitatem,</span> <span class='ocrx_word' id='word_1_56' title='bbox 976 963 1027 1017; x_wconf 89' lang='lat' dir='ltr'>sed</span> <span class='ocrx_word' id='word_1_57' title='bbox 1047 979 1132 1016; x_wconf 88' lang='lat' dir='ltr'>uuam</span> 
     </span>
     <span class='ocr_line' id='line_1_9' title="bbox 192 1047 1131 1118; baseline 0 -14"><span class='ocrx_word' id='word_1_58' title='bbox 192 1051 280 1106; x_wconf 87' lang='lat' dir='ltr'>9Dei</span> <span class='ocrx_word' id='word_1_59' title='bbox 305 1055 333 1106; x_wconf 89' lang='lat' dir='ltr'>et</span> <span class='ocrx_word' id='word_1_60' title='bbox 354 1048 474 1104; x_wconf 86' lang='lat' dir='ltr'>hominis</span> <span class='ocrx_word' id='word_1_61' title='bbox 499 1052 684 1108; x_wconf 77' lang='lat' dir='ltr'>monstramus</span> <span class='ocrx_word' id='word_1_62' title='bbox 711 1064 770 1104; x_wconf 79' lang='lat' dir='ltr'>esse</span> <span class='ocrx_word' id='word_1_63' title='bbox 796 1063 949 1118; x_wconf 72' lang='lat' dir='ltr'>personam.</span> <span class='ocrx_word' id='word_1_64' title='bbox 984 1047 1049 1104; x_wconf 85' lang='lat' dir='ltr'>Non</span> <span class='ocrx_word' id='word_1_65' title='bbox 1066 1065 1131 1118; x_wconf 86' lang='lat' dir='ltr'>ergo</span> 
     </span>
     <span class='ocr_line' id='line_1_10' title="bbox 225 1131 1132 1204; baseline 0 -16"><span class='ocrx_word' id='word_1_66' title='bbox 225 1134 414 1190; x_wconf 78' lang='lat' dir='ltr'>incarnatione</span> <span class='ocrx_word' id='word_1_67' title='bbox 424 1137 444 1204; x_wconf 90' lang='lat'>¹)</span> <span class='ocrx_word' id='word_1_68' title='bbox 463 1132 517 1190; x_wconf 92' lang='lat' dir='ltr'>Dei</span> <span class='ocrx_word' id='word_1_69' title='bbox 543 1132 684 1188; x_wconf 75' lang='lat' dir='ltr'>humilitas</span> <span class='ocrx_word' id='word_1_70' title='bbox 707 1133 766 1188; x_wconf 83' lang='lat' dir='ltr'>eiua</span> <span class='ocrx_word' id='word_1_71' title='bbox 789 1132 849 1188; x_wconf 87' lang='lat' dir='ltr'>ulla</span> <span class='ocrx_word' id='word_1_72' title='bbox 865 1131 1031 1204; x_wconf 80' lang='lat' dir='ltr'>intelligitur</span> <span class='ocrx_word' id='word_1_73' title='bbox 1046 1133 1132 1197; x_wconf 86' lang='lat' dir='ltr'>faeta,</span> 
     </span>
     <span class='ocr_line' id='line_1_11' title="bbox 176 1217 1132 1284; baseline 0 -10"><span class='ocrx_word' id='word_1_74' title='bbox 176 1222 208 1274; x_wconf 90' lang='lat'>10</span> <span class='ocrx_word' id='word_1_75' title='bbox 226 1219 277 1284; x_wconf 80' lang='lat' dir='ltr'>sed</span> <span class='ocrx_word' id='word_1_76' title='bbox 309 1225 410 1275; x_wconf 76' lang='lat' dir='ltr'>natrua</span> <span class='ocrx_word' id='word_1_77' title='bbox 440 1217 559 1273; x_wconf 86' lang='lat' dir='ltr'>hominis</span> <span class='ocrx_word' id='word_1_78' title='bbox 587 1218 709 1274; x_wconf 85' lang='lat' dir='ltr'>ereditur</span> <span class='ocrx_word' id='word_1_79' title='bbox 739 1217 867 1273; x_wconf 78' lang='lat' dir='ltr'>exaltata</span> <span class='ocrx_word' id='word_1_80' title='bbox 908 1221 977 1272; x_wconf 83' lang='lat' dir='ltr'>Bos.</span> <span class='ocrx_word' id='word_1_81' title='bbox 1011 1217 1058 1274; x_wconf 84' lang='lat' dir='ltr'>Ita</span> <span class='ocrx_word' id='word_1_82' title='bbox 1082 1219 1132 1274; x_wconf 81' lang='lat' dir='ltr'>sitr</span> 
     </span>
     <span class='ocr_line' id='line_1_12' title="bbox 226 1303 1132 1376; baseline -0.002 -16"><span class='ocrx_word' id='word_1_83' title='bbox 226 1305 296 1360; x_wconf 88' lang='lat' dir='ltr'>nihil</span> <span class='ocrx_word' id='word_1_84' title='bbox 320 1305 471 1376; x_wconf 87' lang='lat' dir='ltr'>imputetur</span> <span class='ocrx_word' id='word_1_85' title='bbox 494 1303 604 1358; x_wconf 65' lang='lat' dir='ltr'>dionae</span> <span class='ocrx_word' id='word_1_86' title='bbox 632 1309 763 1368; x_wconf 86' lang='lat' dir='ltr'>naturae,</span> <span class='ocrx_word' id='word_1_87' title='bbox 788 1303 864 1373; x_wconf 90' lang='lat' dir='ltr'>quod</span> <span class='ocrx_word' id='word_1_88' title='bbox 887 1303 1040 1359; x_wconf 82' lang='lat' dir='ltr'>seeundum</span> <span class='ocrx_word' id='word_1_89' title='bbox 1057 1303 1132 1358; x_wconf 84' lang='lat' dir='ltr'>infir·</span> 
     </span>
     <span class='ocr_line' id='line_1_13' title="bbox 226 1387 1132 1459; baseline -0.001 -13"><span class='ocrx_word' id='word_1_90' title='bbox 226 1391 351 1446; x_wconf 81' lang='lat' dir='ltr'>mitatem</span> <span class='ocrx_word' id='word_1_91' title='bbox 377 1388 496 1444; x_wconf 81' lang='lat' dir='ltr'>hominis</span> <span class='ocrx_word' id='word_1_92' title='bbox 525 1391 561 1444; x_wconf 89' lang='lat' dir='ltr'>de</span> <span class='ocrx_word' id='word_1_93' title='bbox 586 1387 696 1444; x_wconf 80' lang='lat' dir='ltr'>Christo</span> <span class='ocrx_word' id='word_1_94' title='bbox 725 1387 841 1457; x_wconf 77' lang='lat' dir='ltr'>dicitru3</span> <span class='ocrx_word' id='word_1_95' title='bbox 871 1405 968 1443; x_wconf 88' lang='lat' dir='ltr'>verum</span> <span class='ocrx_word' id='word_1_96' title='bbox 993 1389 1132 1459; x_wconf 89' lang='lat' dir='ltr'>quomodo</span> 
     </span>
     <span class='ocr_line' id='line_1_14' title="bbox 225 1472 1132 1544; baseline -0.002 -14"><span class='ocrx_word' id='word_1_97' title='bbox 225 1476 330 1530; x_wconf 89' lang='lat' dir='ltr'>iustum</span> <span class='ocrx_word' id='word_1_98' title='bbox 348 1479 398 1529; x_wconf 89' lang='lat' dir='ltr'>aut</span> <span class='ocrx_word' id='word_1_99' title='bbox 413 1474 579 1530; x_wconf 80' lang='lat' dir='ltr'>rationabile</span> <span class='ocrx_word' id='word_1_100' title='bbox 597 1472 711 1544; x_wconf 87' lang='lat' dir='ltr'>probari</span> <span class='ocrx_word' id='word_1_101' title='bbox 727 1472 844 1544; x_wconf 81' lang='lat' dir='ltr'>poterit,</span> <span class='ocrx_word' id='word_1_102' title='bbox 869 1473 935 1544; x_wconf 85' lang='lat' dir='ltr'>quia</span> <span class='ocrx_word' id='word_1_103' title='bbox 949 1473 1027 1532; x_wconf 86' lang='lat' dir='ltr'>Deus</span> <span class='ocrx_word' id='word_1_104' title='bbox 1043 1473 1132 1529; x_wconf 88' lang='lat' dir='ltr'>homi·</span> 
     </span>
     <span class='ocr_line' id='line_1_15' title="bbox 226 1558 1132 1630; baseline 0.002 -18"><span class='ocrx_word' id='word_1_105' title='bbox 226 1576 291 1616; x_wconf 89' lang='lat' dir='ltr'>nem</span> <span class='ocrx_word' id='word_1_106' title='bbox 313 1558 406 1628; x_wconf 89' lang='lat' dir='ltr'>illum,</span> <span class='ocrx_word' id='word_1_107' title='bbox 431 1575 514 1629; x_wconf 89' lang='lat' dir='ltr'>quem</span> <span class='ocrx_word' id='word_1_108' title='bbox 532 1559 618 1613; x_wconf 88' lang='lat' dir='ltr'>Pater</span> <span class='ocrx_word' id='word_1_109' title='bbox 635 1558 739 1614; x_wconf 84' lang='lat' dir='ltr'>Filium</span> <span class='ocrx_word' id='word_1_110' title='bbox 760 1576 842 1614; x_wconf 91' lang='lat' dir='ltr'>suum</span> <span class='ocrx_word' id='word_1_111' title='bbox 867 1558 1000 1613; x_wconf 90' lang='lat' dir='ltr'>dileotum</span> <span class='ocrx_word' id='word_1_112' title='bbox 1023 1558 1053 1613; x_wconf 91' lang='lat' dir='ltr'>in</span> <span class='ocrx_word' id='word_1_113' title='bbox 1077 1577 1132 1630; x_wconf 89' lang='lat' dir='ltr'>quo</span> 
     </span>
     <span class='ocr_line' id='line_1_16' title="bbox 227 1643 1132 1716; baseline -0.001 -17"><span class='ocrx_word' id='word_1_114' title='bbox 227 1644 281 1699; x_wconf 91' lang='lat' dir='ltr'>sibi</span> <span class='ocrx_word' id='word_1_115' title='bbox 297 1643 371 1699; x_wconf 89' lang='lat' dir='ltr'>bene</span> <span class='ocrx_word' id='word_1_116' title='bbox 390 1643 572 1715; x_wconf 78' lang='lat' dir='ltr'>complacuit,</span> <span class='ocrx_word' id='word_1_117' title='bbox 594 1643 732 1713; x_wconf 64' lang='lat' dir='ltr'>vocavite</span> <span class='ocrx_word' id='word_1_118' title='bbox 751 1651 779 1699; x_wconf 92' lang='lat' dir='ltr'>et</span> <span class='ocrx_word' id='word_1_119' title='bbox 799 1661 882 1716; x_wconf 88' lang='lat' dir='ltr'>quem</span> <span class='ocrx_word' id='word_1_120' title='bbox 900 1643 989 1698; x_wconf 84' lang='lat' dir='ltr'>Filius</span> <span class='ocrx_word' id='word_1_121' title='bbox 1009 1643 1132 1714; x_wconf 89' lang='lat' dir='ltr'>seipsum</span> 
     </span>
     <span class='ocr_line' id='line_1_17' title="bbox 176 1727 1136 1801; baseline 0.002 -19"><span class='ocrx_word' id='word_1_122' title='bbox 176 1731 207 1782; x_wconf 90' lang='lat'>11</span> <span class='ocrx_word' id='word_1_123' title='bbox 225 1729 306 1798; x_wconf 84' lang='lat' dir='ltr'>feeit,</span> <span class='ocrx_word' id='word_1_124' title='bbox 330 1727 370 1783; x_wconf 84' lang='lat' dir='ltr'>sio</span> <span class='ocrx_word' id='word_1_125' title='bbox 393 1729 526 1783; x_wconf 84' lang='lat' dir='ltr'>tractavit</span> <span class='ocrx_word' id='word_1_126' title='bbox 549 1733 599 1783; x_wconf 92' lang='lat' dir='ltr'>aut</span> <span class='ocrx_word' id='word_1_127' title='bbox 624 1730 739 1786; x_wconf 79' lang='lat' dir='ltr'>tractari</span> <span class='ocrx_word' id='word_1_128' title='bbox 763 1729 908 1801; x_wconf 83' lang='lat' dir='ltr'>permisit?</span> <span class='ocrx_word' id='word_1_129' title='bbox 943 1728 1022 1794; x_wconf 75' lang='lat' dir='ltr'>Quae</span> <span class='ocrx_word' id='word_1_130' title='bbox 1038 1735 1136 1785; x_wconf 84' lang='lat' dir='ltr'>autem·</span> 
     </span>
     <span class='ocr_line' id='line_1_18' title="bbox 226 1813 1133 1882; baseline 0 -14"><span class='ocrx_word' id='word_1_131' title='bbox 226 1814 333 1870; x_wconf 86' lang='lat' dir='ltr'>iustitia</span> <span class='ocrx_word' id='word_1_132' title='bbox 353 1819 401 1882; x_wconf 86' lang='lat' dir='ltr'>est,</span> <span class='ocrx_word' id='word_1_133' title='bbox 425 1814 564 1869; x_wconf 87' lang='lat' dir='ltr'>hominem</span> <span class='ocrx_word' id='word_1_134' title='bbox 583 1815 705 1870; x_wconf 89' lang='lat' dir='ltr'>omnium</span> <span class='ocrx_word' id='word_1_135' title='bbox 722 1815 902 1870; x_wconf 88' lang='lat' dir='ltr'>iustissimum</span> <span class='ocrx_word' id='word_1_136' title='bbox 923 1814 1006 1869; x_wconf 89' lang='lat' dir='ltr'>morti</span> <span class='ocrx_word' id='word_1_137' title='bbox 1022 1813 1133 1868; x_wconf 81' lang='lat' dir='ltr'>tradere</span> 
     </span>
     <span class='ocr_line' id='line_1_19' title="bbox 226 1897 1136 1973; baseline 0 -19"><span class='ocrx_word' id='word_1_138' title='bbox 226 1916 277 1973; x_wconf 91' lang='lat' dir='ltr'>pro</span> <span class='ocrx_word' id='word_1_139' title='bbox 308 1899 473 1970; x_wconf 79' lang='lat' dir='ltr'>peooatore?</span> <span class='ocrx_word' id='word_1_140' title='bbox 517 1897 586 1964; x_wconf 80' lang='lat' dir='ltr'>eris</span> <span class='ocrx_word' id='word_1_141' title='bbox 613 1899 706 1970; x_wconf 92' lang='lat' dir='ltr'>homo,</span> <span class='ocrx_word' id='word_1_142' title='bbox 735 1900 760 1954; x_wconf 87' lang='lat' dir='ltr'>si</span> <span class='ocrx_word' id='word_1_143' title='bbox 785 1900 959 1956; x_wconf 85' lang='lat' dir='ltr'>innocentem</span> <span class='ocrx_word' id='word_1_144' title='bbox 987 1899 1136 1954; x_wconf 85' lang='lat' dir='ltr'>damnaret</span> 
     </span>
     <span class='ocr_line' id='line_1_20' title="bbox 178 1983 1131 2054; baseline -0.001 -16"><span class='ocrx_word' id='word_1_145' title='bbox 178 1985 209 2038; x_wconf 81' lang='lat'>12</span> <span class='ocrx_word' id='word_1_146' title='bbox 227 1990 260 2039; x_wconf 92' lang='lat' dir='ltr'>ut</span> <span class='ocrx_word' id='word_1_147' title='bbox 276 1989 422 2039; x_wconf 80' lang='lat' dir='ltr'>nocentem</span> <span class='ocrx_word' id='word_1_148' title='bbox 439 1983 580 2054; x_wconf 86' lang='lat' dir='ltr'>liberaret,</span> <span class='ocrx_word' id='word_1_149' title='bbox 598 1984 772 2042; x_wconf 86' lang='lat' dir='ltr'>damnandus</span> <span class='ocrx_word' id='word_1_150' title='bbox 787 2005 844 2042; x_wconf 89' lang='lat' dir='ltr'>non</span> <span class='ocrx_word' id='word_1_151' title='bbox 861 1984 1049 2040; x_wconf 80' lang='lat' dir='ltr'>iudicaretur?</span> <span class='ocrx_word' id='word_1_152' title='bbox 1083 1983 1131 2038; x_wconf 89' lang='lat' dir='ltr'>Ad</span> 
     </span>
     <span class='ocr_line' id='line_1_21' title="bbox 227 2068 1133 2140; baseline -0.001 -16"><span class='ocrx_word' id='word_1_153' title='bbox 227 2069 302 2124; x_wconf 87' lang='lat' dir='ltr'>idem</span> <span class='ocrx_word' id='word_1_154' title='bbox 333 2086 377 2124; x_wconf 90' lang='lat' dir='ltr'>res</span> <span class='ocrx_word' id='word_1_155' title='bbox 387 2071 407 2139; x_wconf 83' lang='lat'>³)</span> <span class='ocrx_word' id='word_1_156' title='bbox 438 2069 539 2124; x_wconf 84' lang='lat' dir='ltr'>deduci</span> <span class='ocrx_word' id='word_1_157' title='bbox 567 2068 678 2124; x_wconf 75' lang='lat' dir='ltr'>videtin</span> <span class='ocrx_word' id='word_1_158' title='bbox 707 2069 916 2140; x_wconf 80' lang='lat' dir='ltr'>inconveniens,</span> <span class='ocrx_word' id='word_1_159' title='bbox 943 2071 1018 2140; x_wconf 87' lang='lat' dir='ltr'>quod</span> <span class='ocrx_word' id='word_1_160' title='bbox 1048 2087 1133 2140; x_wconf 87' lang='lat' dir='ltr'>snpra</span> 
     </span>
     <span class='ocr_line' id='line_1_22' title="bbox 228 2153 1131 2226; baseline 0.002 -19"><span class='ocrx_word' id='word_1_161' title='bbox 228 2153 334 2208; x_wconf 86' lang='lat' dir='ltr'>dietum</span> <span class='ocrx_word' id='word_1_162' title='bbox 360 2160 408 2209; x_wconf 84' lang='lat' dir='ltr'>est</span> <span class='ocrx_word' id='word_1_163' title='bbox 442 2153 517 2211; x_wconf 87' lang='lat' dir='ltr'>Nam</span> <span class='ocrx_word' id='word_1_164' title='bbox 542 2153 567 2208; x_wconf 82' lang='lat' dir='ltr'>ai</span> <span class='ocrx_word' id='word_1_165' title='bbox 594 2153 675 2208; x_wconf 89' lang='lat' dir='ltr'>aliter</span> <span class='ocrx_word' id='word_1_166' title='bbox 703 2160 862 2224; x_wconf 84' lang='lat' dir='ltr'>peooatores</span> <span class='ocrx_word' id='word_1_167' title='bbox 884 2173 941 2212; x_wconf 88' lang='lat' dir='ltr'>non</span> <span class='ocrx_word' id='word_1_168' title='bbox 963 2155 1056 2226; x_wconf 87' lang='lat' dir='ltr'>potuit</span> <span class='ocrx_word' id='word_1_169' title='bbox 1078 2155 1131 2208; x_wconf 87' lang='lat' dir='ltr'>sol·</span> 
     </span>
     <span class='ocr_line' id='line_1_23' title="bbox 226 2238 1132 2314; baseline 0.002 -20"><span class='ocrx_word' id='word_1_170' title='bbox 226 2257 293 2296; x_wconf 87' lang='lat' dir='ltr'>vare</span> <span class='ocrx_word' id='word_1_171' title='bbox 311 2256 396 2311; x_wconf 88' lang='lat' dir='ltr'>quam</span> <span class='ocrx_word' id='word_1_172' title='bbox 413 2239 517 2294; x_wconf 88' lang='lat' dir='ltr'>iustum</span> <span class='ocrx_word' id='word_1_173' title='bbox 542 2238 713 2307; x_wconf 89' lang='lat' dir='ltr'>damnando,</span> <span class='ocrx_word' id='word_1_174' title='bbox 740 2239 790 2295; x_wconf 91' lang='lat' dir='ltr'>ubi</span> <span class='ocrx_word' id='word_1_175' title='bbox 814 2245 856 2294; x_wconf 85' lang='lat' dir='ltr'>est</span> <span class='ocrx_word' id='word_1_176' title='bbox 877 2242 937 2298; x_wconf 86' lang='lat' dir='ltr'>eius</span> <span class='ocrx_word' id='word_1_177' title='bbox 961 2241 1132 2314; x_wconf 86' lang='lat' dir='ltr'>omnipoten-</span> 
     </span>
     <span class='ocr_line' id='line_1_24' title="bbox 177 2323 1132 2395; baseline 0.004 -16"><span class='ocrx_word' id='word_1_178' title='bbox 177 2326 210 2380; x_wconf 89' lang='grc'>13</span> <span class='ocrx_word' id='word_1_179' title='bbox 227 2324 287 2380; x_wconf 82' lang='lat' dir='ltr'>tia?</span> <span class='ocrx_word' id='word_1_180' title='bbox 328 2325 357 2382; x_wconf 84' lang='lat' dir='ltr'>Si</span> <span class='ocrx_word' id='word_1_181' title='bbox 381 2341 447 2380; x_wconf 86' lang='lat' dir='ltr'>vero</span> <span class='ocrx_word' id='word_1_182' title='bbox 472 2324 564 2395; x_wconf 85' lang='lat' dir='ltr'>potuit</span> <span class='ocrx_word' id='word_1_183' title='bbox 587 2323 638 2378; x_wconf 88' lang='lat' dir='ltr'>sed</span> <span class='ocrx_word' id='word_1_184' title='bbox 659 2323 760 2392; x_wconf 90' lang='lat' dir='ltr'>noluit,</span> <span class='ocrx_word' id='word_1_185' title='bbox 792 2325 929 2394; x_wconf 90' lang='lat' dir='ltr'>quomodo</span> <span class='ocrx_word' id='word_1_186' title='bbox 952 2329 1132 2384; x_wconf 86' lang='lat' dir='ltr'>defendemus</span> 
     </span>
     <span class='ocr_line' id='line_1_25' title="bbox 179 2407 1132 2484; baseline 0.003 -20"><span class='ocrx_word' id='word_1_187' title='bbox 179 2413 211 2464; x_wconf 79' lang='lat'>14</span> <span class='ocrx_word' id='word_1_188' title='bbox 228 2410 393 2481; x_wconf 86' lang='lat' dir='ltr'>sapientiam</span> <span class='ocrx_word' id='word_1_189' title='bbox 410 2409 470 2464; x_wconf 86' lang='lat' dir='ltr'>eius</span> <span class='ocrx_word' id='word_1_190' title='bbox 487 2415 571 2480; x_wconf 85' lang='lat' dir='ltr'>atque</span> <span class='ocrx_word' id='word_1_191' title='bbox 590 2407 744 2462; x_wconf 84' lang='lat' dir='ltr'>iustitiam?</span> <span class='ocrx_word' id='word_1_192' title='bbox 778 2410 848 2465; x_wconf 80' lang='lat' dir='ltr'>Ano.</span> <span class='ocrx_word' id='word_1_193' title='bbox 872 2411 950 2468; x_wconf 92' lang='lat' dir='ltr'>Deus</span> <span class='ocrx_word' id='word_1_194' title='bbox 967 2412 1052 2468; x_wconf 89' lang='lat' dir='ltr'>Pater</span> <span class='ocrx_word' id='word_1_195' title='bbox 1067 2430 1132 2484; x_wconf 87' lang='lat' dir='ltr'>nou,</span> 
     </span>
     <span class='ocr_line' id='line_1_26' title="bbox 228 2493 1133 2568; baseline 0.004 -19"><span class='ocrx_word' id='word_1_196' title='bbox 228 2495 461 2568; x_wconf 86' lang='lat' dir='ltr'>quemadmodum</span> <span class='ocrx_word' id='word_1_197' title='bbox 483 2493 587 2548; x_wconf 86' lang='lat' dir='ltr'>videris</span> <span class='ocrx_word' id='word_1_198' title='bbox 610 2493 781 2565; x_wconf 80' lang='lat' dir='ltr'>intelligere,</span> <span class='ocrx_word' id='word_1_199' title='bbox 807 2494 945 2554; x_wconf 89' lang='lat' dir='ltr'>hominem</span> <span class='ocrx_word' id='word_1_200' title='bbox 970 2497 1049 2553; x_wconf 90' lang='lat' dir='ltr'>illum</span> <span class='ocrx_word' id='word_1_201' title='bbox 1076 2504 1133 2553; x_wconf 87' lang='lat' dir='ltr'>tra·</span> 
     </span>
     <span class='ocr_line' id='line_1_27' title="bbox 179 2579 1136 2649; baseline 0.006 -16"><span class='ocrx_word' id='word_1_202' title='bbox 179 2582 210 2633; x_wconf 83' lang='lat'>15</span> <span class='ocrx_word' id='word_1_203' title='bbox 228 2579 315 2634; x_wconf 76' lang='lat' dir='ltr'>stavit</span> <span class='ocrx_word' id='word_1_204' title='bbox 339 2585 388 2634; x_wconf 90' lang='lat' dir='ltr'>aut</span> <span class='ocrx_word' id='word_1_205' title='bbox 411 2579 587 2634; x_wconf 83' lang='lat' dir='ltr'>innocentem</span> <span class='ocrx_word' id='word_1_206' title='bbox 607 2596 659 2649; x_wconf 90' lang='lat' dir='ltr'>pro</span> <span class='ocrx_word' id='word_1_207' title='bbox 676 2585 792 2635; x_wconf 79' lang='lat' dir='ltr'>nocente</span> <span class='ocrx_word' id='word_1_208' title='bbox 809 2583 892 2637; x_wconf 89' lang='lat' dir='ltr'>morti</span> <span class='ocrx_word' id='word_1_209' title='bbox 909 2582 1033 2640; x_wconf 87' lang='lat' dir='ltr'>tradidit.</span> <span class='ocrx_word' id='word_1_210' title='bbox 1067 2584 1136 2642; x_wconf 88' lang='lat' dir='ltr'>Non</span> 
     </span>
     <span class='ocr_line' id='line_1_28' title="bbox 228 2662 1135 2739; baseline 0.004 -18"><span class='ocrx_word' id='word_1_211' title='bbox 228 2665 302 2721; x_wconf 89' lang='lat' dir='ltr'>enim</span> <span class='ocrx_word' id='word_1_212' title='bbox 329 2681 393 2720; x_wconf 88' lang='lat' dir='ltr'>eum</span> <span class='ocrx_word' id='word_1_213' title='bbox 422 2663 539 2718; x_wconf 83' lang='lat' dir='ltr'>invitum</span> <span class='ocrx_word' id='word_1_214' title='bbox 566 2662 603 2717; x_wconf 91' lang='lat' dir='ltr'>ad</span> <span class='ocrx_word' id='word_1_215' title='bbox 633 2670 750 2720; x_wconf 88' lang='lat' dir='ltr'>mortem</span> <span class='ocrx_word' id='word_1_216' title='bbox 779 2665 826 2722; x_wconf 89' lang='lat' dir='ltr'>ille</span> <span class='ocrx_word' id='word_1_217' title='bbox 851 2667 945 2739; x_wconf 81' lang='lat' dir='ltr'>ooiigit</span> <span class='ocrx_word' id='word_1_218' title='bbox 968 2674 1017 2722; x_wconf 88' lang='lat' dir='ltr'>aut</span> <span class='ocrx_word' id='word_1_219' title='bbox 1041 2669 1135 2725; x_wconf 77' lang='lat' dir='ltr'>occidi</span> 
     </span>
     <span class='ocr_line' id='line_1_29' title="bbox 227 2748 1136 2824; baseline 0.004 -18"><span class='ocrx_word' id='word_1_220' title='bbox 227 2750 367 2822; x_wconf 87' lang='lat' dir='ltr'>permisit,</span> <span class='ocrx_word' id='word_1_221' title='bbox 385 2750 435 2804; x_wconf 91' lang='lat' dir='ltr'>sed</span> <span class='ocrx_word' id='word_1_222' title='bbox 453 2748 527 2804; x_wconf 88' lang='lat' dir='ltr'>idem</span> <span class='ocrx_word' id='word_1_223' title='bbox 546 2748 606 2819; x_wconf 88' lang='lat' dir='ltr'>ipse</span> <span class='ocrx_word' id='word_1_224' title='bbox 625 2755 723 2821; x_wconf 89' lang='lat' dir='ltr'>sponte</span> <span class='ocrx_word' id='word_1_225' title='bbox 741 2768 791 2806; x_wconf 90' lang='lat' dir='ltr'>sua</span> <span class='ocrx_word' id='word_1_226' title='bbox 807 2757 924 2808; x_wconf 87' lang='lat' dir='ltr'>mortem</span> <span class='ocrx_word' id='word_1_227' title='bbox 940 2752 1083 2824; x_wconf 86' lang='lat' dir='ltr'>sustinuit,</span> <span class='ocrx_word' id='word_1_228' title='bbox 1100 2760 1136 2810; x_wconf 90' lang='lat' dir='ltr'>ut</span> 
     </span>
     <span class='ocr_line' id='line_1_30' title="bbox 177 2834 1133 2911; baseline 0.005 -21"><span class='ocrx_word' id='word_1_229' title='bbox 177 2837 211 2890; x_wconf 84' lang='grc'>16</span> <span class='ocrx_word' id='word_1_230' title='bbox 227 2834 351 2891; x_wconf 89' lang='lat' dir='ltr'>homines</span> <span class='ocrx_word' id='word_1_231' title='bbox 371 2834 496 2888; x_wconf 87' lang='lat' dir='ltr'>salvaret.</span> <span class='ocrx_word' id='word_1_232' title='bbox 531 2835 601 2891; x_wconf 79' lang='lat' dir='ltr'>Boe.</span> <span class='ocrx_word' id='word_1_233' title='bbox 637 2835 729 2890; x_wconf 87' lang='lat' dir='ltr'>Etiam</span> <span class='ocrx_word' id='word_1_234' title='bbox 746 2837 770 2890; x_wconf 81' lang='lat' dir='ltr'>ai</span> <span class='ocrx_word' id='word_1_235' title='bbox 787 2854 843 2891; x_wconf 91' lang='lat' dir='ltr'>non</span> <span class='ocrx_word' id='word_1_236' title='bbox 858 2836 984 2908; x_wconf 86' lang='lat' dir='ltr'>invitum,</span> <span class='ocrx_word' id='word_1_237' title='bbox 1002 2840 1133 2911; x_wconf 88' lang='lat' dir='ltr'>quoniam</span> 
     </span>
     <span class='ocr_line' id='line_1_31' title="bbox 226 2919 1132 2993; baseline 0.006 -18"><span class='ocrx_word' id='word_1_238' title='bbox 226 2919 364 2976; x_wconf 84' lang='lat' dir='ltr'>voluntati</span> <span class='ocrx_word' id='word_1_239' title='bbox 394 2919 487 2974; x_wconf 88' lang='lat' dir='ltr'>Patris</span> <span class='ocrx_word' id='word_1_240' title='bbox 513 2921 667 2991; x_wconf 75' lang='lat' dir='ltr'>consensit,</span> <span class='ocrx_word' id='word_1_241' title='bbox 698 2921 901 2993; x_wconf 90' lang='lat' dir='ltr'>quodammodo</span> <span class='ocrx_word' id='word_1_242' title='bbox 933 2928 1025 2979; x_wconf 89' lang='lat' dir='ltr'>tamen</span> <span class='ocrx_word' id='word_1_243' title='bbox 1053 2924 1132 2979; x_wconf 90' lang='lat' dir='ltr'>illum</span> 
     </span>
     <span class='ocr_line' id='line_1_32' title="bbox 177 3003 1133 3082; baseline 0.003 -20"><span class='ocrx_word' id='word_1_244' title='bbox 177 3009 209 3062; x_wconf 82' lang='grc'>17</span> <span class='ocrx_word' id='word_1_245' title='bbox 227 3007 354 3078; x_wconf 78' lang='lat' dir='ltr'>coegisse</span> <span class='ocrx_word' id='word_1_246' title='bbox 391 3003 503 3060; x_wconf 82' lang='lat' dir='ltr'>videtur</span> <span class='ocrx_word' id='word_1_247' title='bbox 534 3005 739 3077; x_wconf 79' lang='lat' dir='ltr'>praecipiendo.</span> <span class='ocrx_word' id='word_1_248' title='bbox 791 3005 903 3062; x_wconf 79' lang='lat' dir='ltr'>Dieinu</span> <span class='ocrx_word' id='word_1_249' title='bbox 939 3009 1026 3080; x_wconf 87' lang='lat' dir='ltr'>enim,</span> <span class='ocrx_word' id='word_1_250' title='bbox 1065 3010 1133 3082; x_wconf 83' lang='lat' dir='ltr'>quia</span> 
     </span>
    </p>
   </div>
   <div class='ocr_carea' id='block_1_3' title="bbox 298 3192 951 3401">
    <p class='ocr_par' dir='ltr' id='par_1_3' title="bbox 298 3192 951 3401">
     <span class='ocr_line' id='line_1_33' title="bbox 299 3192 844 3250; baseline -0.002 0"><span class='ocrx_word' id='word_1_251' title='bbox 299 3199 312 3250; x_wconf 93' lang='lat'>1</span> <span class='ocrx_word' id='word_1_252' title='bbox 342 3211 373 3248; x_wconf 81' lang='lat' dir='ltr'>er</span> <span class='ocrx_word' id='word_1_253' title='bbox 392 3210 408 3246; x_wconf 90' lang='lat' dir='ltr'>o</span> <span class='ocrx_word' id='word_1_254' title='bbox 425 3193 456 3246; x_wconf 77' lang='lat' dir='ltr'>in</span> <span class='ocrx_word' id='word_1_255' title='bbox 475 3193 671 3248; x_wconf 70' lang='lat' dir='ltr'>incantatione</span> <span class='ocrx_word' id='word_1_256' title='bbox 689 3194 796 3250; x_wconf 87' lang='lat' dir='ltr'>Aabe</span> <span class='ocrx_word' id='word_1_257' title='bbox 813 3192 844 3249; x_wconf 78' lang='grc' dir='ltr'>Ο.</span> 
     </span>
     <span class='ocr_line' id='line_1_34' title="bbox 298 3211 619 3332; baseline 0 -13"><span class='ocrx_word' id='word_1_258' title='bbox 298 3267 316 3319; x_wconf 79' lang='lat'><strong>2</strong></span> <span class='ocrx_word' id='word_1_259' title='bbox 345 3211 560 3332; x_wconf 66' lang='lat' dir='ltr'>cimona,</span> <span class='ocrx_word' id='word_1_260' title='bbox 580 3269 619 3319; x_wconf 83' lang='grc'>11.</span> 
     </span>
     <span class='ocr_line' id='line_1_35' title="bbox 298 3329 951 3401; baseline -0.002 -15"><span class='ocrx_word' id='word_1_261' title='bbox 298 3336 315 3386; x_wconf 82' lang='grc'>3</span> <span class='ocrx_word' id='word_1_262' title='bbox 346 3329 450 3387; x_wconf 85' lang='lat' dir='ltr'>Omnes</span> <span class='ocrx_word' id='word_1_263' title='bbox 466 3332 546 3388; x_wconf 86' lang='lat' dir='ltr'>oodd</span> <span class='ocrx_word' id='word_1_264' title='bbox 566 3331 654 3388; x_wconf 83' lang='lat' dir='ltr'>omitt.</span> <span class='ocrx_word' id='word_1_265' title='bbox 673 3330 785 3401; x_wconf 57' lang='grc' dir='ltr'>,ρηί’ηῆ</span> <span class='ocrx_word' id='word_1_266' title='bbox 798 3347 820 3387; x_wconf 85' lang='lat' dir='ltr'>s.</span> <span class='ocrx_word' id='word_1_267' title='bbox 840 3333 951 3400; x_wconf 80' lang='lat' dir='ltr'>„erpo.“</span> 
     </span>
    </p>
   </div>
   <div class='ocr_carea' id='block_1_4' title="bbox 0 0 1324 3818">
    <p class='ocr_par' dir='ltr' id='par_1_4' title="bbox 0 0 1324 3818">
     <span class='ocr_line' id='line_1_36' title="bbox 0 0 1324 3818; baseline 0 0"><span class='ocrx_word' id='word_1_268' title='bbox 0 0 1324 3818; x_wconf 95' lang='lat' dir='ltr'> </span> 
     </span>
    </p>
   </div>
  </div>
 </body>
</html>
