2638 3818
354 313 434 374 UUR
451 315 553 374 Deus
573 313 692 373 HOMO.
727 315 751 372 I.
771 321 811 372 to.
829 321 870 373 11.
1022 315 1063 382 21

161 487 297 559 apertius,
320 486 397 558 prins
421 487 580 555 videamus,
599 485 666 558 qnid
685 486 727 540 sit
747 501 867 557 peecare
884 493 914 541 et
930 485 998 556 quid
1015 501 1073 556 pro.

161 578 276 646 peceato
293 571 462 628 ealisfaeere
494 575 562 627 Boe.
579 568 672 626 Tuum
692 579 735 628 est
751 572 909 641 ostendere,
927 577 956 627 et
973 587 1065 626 meum

161 658 311 716 intendere.
346 660 417 713 Am.
450 656 481 714 Si
505 659 621 730 angelus
648 665 677 715 et
698 658 781 714 homo
804 675 912 728 semper
936 657 1098 713 redderett

162 744 223 802 Deo
241 746 316 818 quod
334 744 426 808 debet,
446 760 586 814 nunquam
602 749 739 816 peccaret.
775 746 845 798 Boe.
867 745 982 813 Nequeo
1000 757 1065 796 oon·

160 831 305 887 trodioere
348 830 418 883 Am.
450 829 514 886 Non
538 835 581 884 est
606 830 702 901 itaque
725 830 801 884 aliud
826 844 957 902 peecare,
982 829 1099 898 quam³

160 918 222 973 Deo
249 933 306 971 non
329 913 444 969 reddere
472 914 606 970 debitum.
641 917 717 970 Boe?
744 915 819 980 Quid
841 920 887 971 est
907 913 1065 978 dabiturne

161 1003 237 1073 qnod
263 1001 325 1054 Deo
352 999 503 1055 debemus?
538 1001 608 1059 Arre.
645 1001 742 1056 Omnis
768 1001 896 1060 voluntas
921 996 1100 1053 rationulist

159 1091 305 1142 creaturae
322 1084 446 1140 subiecta
464 1085 548 1142 debet
565 1102 626 1141 esse
645 1084 781 1141 voluntati
797 1085 860 1142 Dei.
895 1087 965 1139 Boe.
988 1081 1066 1140 stitit

160 1172 261 1228 verius.
296 1171 364 1225 Ana
392 1169 455 1225 ΙΗοο
477 1178 521 1226 est
545 1171 671 1227 debitum
696 1172 770 1243 quod
794 1171 879 1226 debet
903 1171 1019 1241 angelus
1036 1175 1099 1226 et5

160 1257 244 1314 homo
263 1255 331 1324 Deo,
348 1255 423 1329 quod
438 1255 573 1312 solvendo
589 1257 684 1312 nullus
701 1263 814 1329 pereet3
838 1260 867 1311 et
884 1256 960 1328 quod
977 1255 1066 1311 omnis

162 1341 212 1413 qui
229 1357 284 1396 non
301 1341 396 1410 solvit,
422 1349 529 1412 peceat
564 1342 643 1398 Haeo
666 1347 709 1398 est
724 1340 833 1397 iustitia
851 1343 911 1399 sire
927 1340 1066 1398 seefitudo

161 1427 322 1497 voluntatis,
353 1441 427 1498 quoe
452 1427 539 1482 iustos
567 1427 637 1482 feeit
666 1428 724 1484 sive
754 1434 844 1484 reetos
873 1427 971 1494 eorde,
998 1425 1015 1478 i
1041 1439 1066 1478 e.

163 1511 318 1580 voluntate3
343 1511 390 1566 hie
411 1520 454 1568 est
476 1512 551 1568 solus
575 1519 604 1570 et
628 1519 704 1569 totus
728 1514 814 1570 honor
833 1529 915 1586 quem
934 1511 1066 1567 debemur

162 1597 237 1667 Deo,
256 1604 286 1654 et
308 1614 391 1669 quem
414 1614 432 1653 a
453 1599 534 1654 nobis
557 1598 644 1671 exigit
658 1599 743 1656 Deus.
778 1599 844 1656 Sola
863 1613 984 1670 namque
999 1592 1100 1653 talisi
1167 1671 1170 1676 ι

162 1683 288 1739 voluntas
323 1701 409 1755 opera
436 1684 506 1740 saei-t
541 1685 646 1757 placita
676 1683 755 1754 Deo,
787 1701 851 1740 eum
881 1690 973 1756 potest
1001 1699 1067 1752 ομ·

162 1771 235 1840 rari3
266 1777 294 1826 st
323 1787 386 1824 eum
415 1787 471 1825 non
500 1777 606 1841 potest,
634 1772 697 1840 ipsa
728 1771 788 1826 sole
817 1787 869 1842 per
904 1787 934 1826 se
965 1769 1072 1840 plaeet'

163 1857 229 1928 quia
257 1854 365 1911 nullum
394 1873 464 1927 opus
502 1857 562 1912 sine
591 1857 640 1912 illa
671 1856 771 1927 placet.
822 1857 907 1912 Hune
937 1854 1068 1913 honorem

163 1942 288 1998 debitum
331 1941 380 2012 qui
417 1942 479 1997 Deo
522 1959 579 1996 non
620 1941 727 2012 reddit,
768 1941 861 1996 aufmt
895 1941 957 1998 Deo
993 1939 1069 2010 qued

164 2043 245 2082 snum
272 2032 333 2095 est,
360 2033 390 2083 et
417 2027 509 2083 Deum
540 2028 706 2096 exhonorat3
737 2033 766 2082 et
795 2027 849 2081 hoo
874 2031 919 2082 est
943 2037 1069 2096 peman-

163 2113 303 2179 Quamdiu
320 2119 413 2168 autem
430 2130 486 2168 non
503 2114 587 2169 solvit
605 2114 680 2185 quod
697 2113 804 2184 rapuit*
816 2118 910 2169 menet
927 2109 1068 2182 inculpa:
1087 2107 1101 2157 7

162 2217 213 2258 nee
239 2198 344 2255 suffieit
365 2198 537 2254 solummodo
561 2200 678 2255 reddere
698 2200 772 2271 quod
790 2199 916 2255 ablatum
935 2206 994 2270 est,
1019 2199 1069 2254 sed

162 2303 213 2358 pro
230 2284 398 2342 oontumelia
416 2283 496 2338 illeta
513 2285 575 2354 plus
597 2285 680 2341 debet
698 2285 823 2354 reddere,
842 2301 926 2355 quam
943 2283 1067 2342 absmlit.

164 2371 243 2427 Sient
265 2370 340 2426 enim
362 2370 412 2440 qui
433 2370 522 2425 laedit
545 2370 664 2424 salutem
688 2369 816 2438 alteriue,
841 2389 898 2426 non
922 2369 1026 2425 suffieit
1044 2369 1101 2424 eit

165 2455 281 2512 salutem
304 2455 437 2524 restituit,
462 2455 517 2510 nisi
539 2473 590 2526 pro
613 2455 694 2512 illata
720 2455 822 2510 doloris
843 2455 946 2511 iniuria
965 2471 1069 2510 reeom-

165 2546 269 2614 penset
280 2540 401 2613 aliquid,
418 2539 458 2596 ita
477 2540 525 2611 qui
542 2540 673 2597 honorem
691 2541 808 2595 alicuine
824 2540 921 2606 violat,
940 2557 997 2596 non
1012 2541 1070 2596 euf-

165 2623 225 2678 fieit
244 2623 374 2682 honorem
398 2625 527 2695 reddere,
557 2625 580 2679 si
602 2643 659 2681 non
680 2627 832 2682 seeundum
848 2627 1070 2682 exhonorationis

165 2708 269 2764 laetam
292 2710 448 2766 molestiam
468 2708 592 2781 aliquid,
617 2713 691 2783 quod
716 2713 809 2784 pleeet
825 2712 867 2766 illi
885 2727 967 2784 quem
988 2713 1071 2768 exlio·

165 2794 289 2864 norwit,
306 2797 440 2852 restituat
474 2795 537 2851 Hoo
555 2811 665 2868 quoque
682 2796 893 2865 attendendum,
913 2795 988 2869 qnod
1006 2795 1104 2849 euml

167 2878 268 2951 aliquis
283 2881 357 2951 quod
374 2881 476 2937 iniuste
493 2881 616 2950 abstulit,
634 2881 724 2951 solvit,
743 2881 795 2938 hoe
815 2881 899 2938 debet
917 2882 984 2936 dare
995 2877 1071 2950 quod

166 2965 203 3020 ab
220 2964 270 3019 illo
286 2981 341 3019 non
362 2974 458 3037 posset
475 2967 563 3038 exigi,
588 2967 612 3021 si
629 2968 750 3024 alienum
768 2983 825 3024 non
843 2967 988 3038 repuisset.
1024 2962 1071 3020 sie
1090 2964 1121 3014 10

165 3067 233 3122 ergo
266 3051 350 3106 debet
376 3052 465 3107 omnis
491 3053 540 3123 qui
566 3060 681 3123 peeeet,
708 3053 840 3109 honorem
869 3068 951 3124 quem
976 3048 1072 3119 reputt

165 3134 243 3203 Deo,
268 3137 386 3205 solvere;
413 3139 528 3194 ethaeo
547 3143 589 3194 est
606 3131 773 3208 satisfaetio,
799 3153 883 3210 qutun
900 3135 988 3190 omnis
1008 3151 1072 3206 peo-

164 3229 244 3279 eator
262 3223 348 3278 debet
364 3223 424 3280 Deo
440 3224 541 3280 faeere,
575 3225 644 3281 Boe.
679 3223 714 3278 In
728 3219 1121 3292 hisomnibus,quoniam11

237 3378 657 3447 tiewdmdebeumnc.
