2638 3818
466 1194 893 1334 2OAP1TJJLA.

657 1573 704 1630 .1.

228 1696 251 1746 t.
273 1688 416 1758 Quaestio,
436 1688 472 1745 de
489 1705 546 1762 qua
562 1694 651 1746 totum
673 1707 743 1762 opus
760 1691 872 1763 pendet

226 1798 251 1848 2.
277 1791 422 1856 Quomodo
438 1793 607 1865 eooipiende
623 1799 688 1849 sunt
706 1811 748 1864 ee,
766 1811 838 1867 quae
854 1795 973 1852 diuends
990 1800 1062 1850 sunt

225 1897 249 1949 3.
278 1894 454 1954 Obieetiones
472 1897 628 1953 infidelium
650 1904 678 1954 et
695 1898 889 1969 responsiones
907 1897 1039 1952 fidelium

224 2005 250 2054 4.
278 1997 360 2064 Quod
387 2001 441 2058 hee
468 2002 662 2073 responsiones
688 2001 833 2057 videantur
856 1999 1014 2056 infidelibus
1039 2001 1099 2057 sine
1123 2017 1169 2057 ne·

277 2085 405 2142 cessitate
423 2093 451 2142 et
469 2087 548 2158 quusi
569 2090 706 2160 quaedem
724 2089 857 2160 picturae

226 2195 250 2244 5.
273 2186 355 2253 Quod
371 2189 504 2248 redemtio
523 2191 642 2248 hominis
660 2210 714 2248 non
732 2193 825 2266 potuit
844 2192 904 2248 fieri
923 2209 974 2264 per
987 2191 1071 2246 elium
1085 2207 1171 2266 quern

275 2291 326 2345 per
346 2273 400 2331 Dei
418 2293 572 2347 personam.

225 2385 249 2434 6.
274 2377 420 2444 Quomodo
446 2379 652 2452 reprehendent
675 2379 814 2448 infideles,
840 2381 915 2454 quod
943 2380 1060 2436 dicimus
1077 2379 1170 2436 Deum

276 2471 367 2524 mette
387 2483 440 2522 sua
462 2484 512 2522 nos
538 2467 690 2522 redemisse
707 2474 736 2522 et
753 2466 794 2520 sie
812 2466 989 2522 dilectionem
1007 2484 1085 2522 suam
1103 2483 1170 2540 ergo
1279 2468 1283 2478 “

277 2568 328 2605 nos
345 2552 500 2608 ostendisse
515 2558 543 2610 et
553 2570 604 2623 pro
617 2553 697 2608 nobis
715 2569 875 2624 expugnare
894 2551 1035 2610 diabolum
1053 2553 1170 2608 venisse.

229 2658 253 2708 ἵ.
277 2653 359 2719 Quod
377 2656 483 2712 nullum
501 2655 630 2711 diabolus
648 2655 772 2712 habebat
789 2645 923 2710 iustitiam
936 2657 1070 2714 adversus
1084 2639 1169 2712 inomi-

278 2757 349 2810 uem,
371 2747 400 2796 et
419 2759 506 2814 quere
523 2741 651 2798 videatur
664 2741 803 2810 habuisse,
827 2747 856 2797 et
870 2758 920 2796 our
931 2741 1010 2798 Deus
1022 2742 1074 2800 hoe
1088 2743 1169 2798 mode

277 2824 415 2884 hominem
432 2828 600 2884 liberaverit.

228 2933 252 2982 8.
278 2927 434 3000 Quomodo,
458 2931 526 2986 lieet
547 2930 664 2986 humilis
689 2948 761 3002 quse
778 2931 896 2986 dicimus
914 2931 949 2986 de
967 2929 1090 3000 Christo,
1114 2947 1169 2988 uon

278 3017 436 3086 pertineant
453 3017 491 3072 ed
508 3017 690 3086 divinitatem,
714 3017 908 3073 inconveniens
926 3015 1054 3071 videatur
1071 3015 1167 3073 infide·
1281 3039 1282 3064 ι

279 3102 353 3158 libus
378 3105 464 3160 esde
484 3103 533 3159 illo
552 3103 608 3158 diei
627 3105 779 3160 seeundum
802 3103 953 3172 hominem,
976 3107 1004 3157 et
1022 3102 1096 3158 unde
1113 3103 1170 3159 illis
1279 3115 1281 3182 j

167 3260 169 3264 y
280 3188 406 3244 videatur
422 3190 497 3246 idem
514 3191 596 3246 homo
616 3209 672 3246 non
690 3197 788 3262 sponte
807 3194 932 3244 mortuus
951 3205 1019 3243 esse.
1075 3258 1079 3269 Ι

226 3301 250 3351 9.
276 3292 359 3357 Quod
376 3299 473 3365 sponte
490 3300 616 3348 mortuus
632 3294 677 3362 sit,
695 3300 724 3348 et
743 3293 812 3363 quid
825 3293 862 3346 sit
872 3293 973 3360 sactus
984 3300 1025 3346 eet
1035 3294 1170 3348 obediens
1276 3369 1277 3374 ἵ

266 3397 363 3451 ,utque
380 3382 422 3434 od
441 3387 565 3447 morteto,
579 3388 609 3434 et
621 3387 741 3450 propter
752 3380 830 3446 quod
840 3381 920 3432 Deus
930 3379 1013 3496 {lum
1024 3379 1166 3446 adiuvit,
