2638 3818
458 315 677 377 PRAEFATIO
697 317 885 376 semema
1125 321 1145 360 V

189 485 240 554 dis
260 487 417 575 intentus,
445 490 544 556 firmis
569 496 602 558 61
622 490 771 576 infirmis,
801 489 890 558 sanis
913 495 945 558 61
966 487 1146 558 insanisse

189 576 350 658 praestitit
380 581 507 660 patrem
545 576 752 660 omnibusque
784 575 929 643 exhibuit
964 575 1147 660 exemplum

189 666 372 728 sanctarum
394 661 545 727 virtutum
563 661 724 737 exercitiis
745 661 911 728 imitabile.
943 660 1063 744 Magna
1078 661 1147 726 eius

189 745 293 828 gloria
325 747 570 829 circumquaque
605 747 786 832 percrebuit
814 754 910 830 atque
937 746 1045 812 multis
1074 766 1146 812 con-

189 830 296 896 silium
317 836 350 896 et
371 831 513 898 solamen
534 831 734 916 requisituris
755 852 869 898 ansam
891 831 979 898 dedit
1004 851 1078 896 eum
1091 830 1147 896 ad·

189 915 285 980 eundi
328 914 462 1064 privatis
506 917 681 1001 colloquiis.
702 983 706 991 ,
726 954 769 964 -
811 915 1027 994 Quadriennio
1073 921 1148 1000 post

189 1001 310 1066 obitum
358 1000 509 1085 austorici,
532 1003 587 1086 qui
610 1003 651 1067 ab
673 1022 702 1066 a.
719 1002 803 1066 1070
824 1003 866 1068 ad
888 1023 917 1067 a.
941 1001 1023 1066 1080
1045 1021 1146 1084 usque

189 1081 375 1152 cathedram
404 1085 668 1154 cantuariensem
696 1088 892 1172 obtinuerat,
922 1087 1093 1152 Anselmus
1126 1107 1147 1150 a
1242 1131 1247 1138 ·

187 1168 348 1235 (1111161111
389 1169 482 1236 huius
525 1173 662 1238 nominis
707 1173 846 1240 secundo
882 1174 1020 1255 Angliae
1059 1191 1146 1254 rege,

189 1253 396 1322 suadentibus
423 1256 621 1342 principibus
648 1263 681 1322 61
709 1256 958 1324 acclamantibus
982 1257 1067 1322 clero
1087 1257 1146 1322 lai-

189 1338 315 1423 cisque,
346 1339 607 1427 archiepiscopus
642 1341 830 1427 designatus
858 1363 897 1408 ac
925 1342 1030 1426 pridie
1062 1342 1145 1406 Non.

189 1424 354 1490 Decembr.
391 1446 419 1492 a.
443 1427 525 1492 1003
559 1426 752 1494 Centaurica
786 1426 1024 1512 10611161ρί1
1053 1425 1146 1509 regni

188 1517 391 1576 consecratus
418 1517 476 1576 est.
525 1512 648 1578 Graves
675 1521 783 1578 autem
812 1532 885 1578 eum
911 1512 986 1578 inde
1015 1531 1056 1576 ex
1086 1511 1147 1578 hoc

188 1613 315 1660 munere
344 1602 494 1662 11116616
519 1604 705 1663 manserunt
734 1616 905 1662 aerumnae
934 1603 966 1662 et
987 1595 1147 1664 miseriae.

186 1679 299 1762 Neque
327 1681 412 1747 enim
437 1617 507 1746 deri
533 1682 651 1765 potuit,
678 1683 755 1765 quin
784 1681 1023 1748 ecclesiasticae
1051 1681 1145 1747 liber-

185 1765 261 1832 tatis
283 1773 519 1851 propugnator,
550 1787 647 1849 quum
668 1766 853 1833 libidinibus
876 1766 1027 1834 (1111161111
1048 1766 1145 1832 deva-

184 1849 310 1916 standis
336 1852 544 1918 ecclesiarum
577 1851 668 1919 bonis
694 1851 959 1937 oppimendisque
987 1857 1145 1917 monaste·

185 1933 241 2000 riis
262 1941 294 2000 et
316 1936 460 2021 pecuniis
480 1956 539 2022 per
559 1936 626 2002 vim
647 1935 815 2021 exigendis
830 1935 952 2002 assueti
973 1935 1146 2018 resisteret,

183 2017 220 2084 in
239 2018 379 2086 furorem
407 2021 579 2087 concitaret
600 2023 724 2106 regiam
743 2028 891 2088 mentem.
935 2019 1042 2098 Quare
1066 2019 1147 2086 nihil

184 2103 308 2188 mirum,
331 2106 359 2171 si
384 2125 483 2190 saepe
504 2113 699 2192 protestatus
721 2114 770 2174 611
793 2127 829 2174 16
849 2106 1002 2173 maluisse
1024 2106 1058 2172 in
1073 2127 1145 2173 con·

184 2191 373 2272 gregatiohe
409 2193 635 2258 monachorum
674 2192 766 2276 pueri
800 2194 870 2258 loco
897 2192 990 2272 inter
1027 2212 1144 2276 pueros

185 2275 245 2340 sub
275 2275 368 2359 virga
394 2276 540 2359 magistri
568 2297 701 2362 pavere,
734 2296 830 2362 quam
863 2298 921 2362 per
948 2279 1146 2361 pastoralem

186 2379 296 2424 curam
317 2360 377 2426 toti
397 2362 583 2430 Britanniae
609 2363 774 2446 praelatus
803 2363 836 2428 in
864 2368 1022 2428 conventu
1044 2383 1144 2447 popu·

185 2444 293 2510 lorum
328 2446 500 2538 cathedrae
540 2447 717 2531 pontificali
750 2447 945 2532 praesidere.
1003 2447 1146 2514 Maxima

184 2527 268 2594 iuter
289 2549 398 2614 regem
427 2538 459 2597 et
481 2531 755 2617 archiepiscopum
776 2531 817 2597 de
837 2531 968 2598 Urbano
989 2531 1032 2596 Il.
1053 2533 1146 2617 Papa

185 2615 389 2696 agnoscendo
416 2623 529 2684 exorta
558 2637 619 2684 nec
646 2620 752 2684 soluta
775 2616 933 2684 dissensio
954 2617 1145 2700 166111111-

74 2727 78 2736 ·
187 2699 333 2784 selmum,
362 2700 461 2767 variis
487 2701 746 2769 tribulationibus
769 2702 849 2768 satis
877 2701 1055 2784 defessum,
1084 2701 1144 2767 sub

184 2782 281 2847 finem
302 2806 330 2849 a.
354 2786 435 2850 1097
458 2787 610 2870 Angliam
629 2788 808 2871 relinquere
828 2793 860 2852 et
883 2787 925 2852 ad
944 2786 1054 2852 sedem
1068 2807 1143 2870 apo·

184 2867 331 2936 stolicam
361 2869 541 2955 confugere.
595 2870 664 2939 Nec
693 2875 812 2940 Rornae
842 2873 917 2937 exal
949 2869 1035 2954 qnod
1060 2890 1144 2935 snm-

57 3033 58 3044 ,
88 2949 92 2966 '
184 2973 313 3037 mopere
335 2957 479 3041 expetiit,
501 2964 536 3022 ut
555 2957 931 3044 onerearchiepiscopali
945 2955 1145 3041 liberaretur,

183 3042 703 3128 asummcpontificeimpetravit.
725 3043 797 3110 Etsi
808 3049 915 3108 autem
927 3041 1075 3107 Urbanus
1086 3061 1145 3124 per

183 3121 348 3188 biennium
366 3145 437 3192 cum
458 3147 535 3210 rege
557 3127 597 3194 de
620 3130 772 3195 Anselmo
790 3125 988 3206 restituendo
1008 3130 1041 3189 61
1062 3145 1144 3209 pace

183 3207 342 3273 ecclesiae
381 3211 585 3278 Britannicae
616 3212 867 3298 redintegranda
902 3217 1031 3275 strenue
1067 3209 1158 3294 egit,-

182 3299 292 3358 tamen
319 3313 428 3361 omnes
478 3317 567 3363 reces
593 3299 700 3364 minae
730 3317 768 3364 ac
797 3297 923 3362 labores
955 3295 989 3360 in
1017 3313 1144 3360 cassum
1216 3372 1219 3380 Α

181 3378 373 3444 reciderunt.
468 3381 594 3448 enricus
637 3382 765 3448 demum
805 3380 943 3465 primns,
993 3377 1144 3451 Guilelmi
