2638 3818
10 285 14 292 '
120 267 122 271 ’
219 297 264 364 oo
384 247 980 398 ammonianum

184 464 403 536 8oonvinoibrr,
436 465 504 537 quia
531 464 733 522 rationabiliter
763 465 909 538 decipiam.
954 463 1035 528 Quod
1063 482 1121 521 non

211 550 294 621 «diso,
325 551 404 624 quasi
429 551 550 622 pretium
576 551 672 616 mortis
697 551 756 608 sius
781 552 908 609 omnibns
930 549 1074 606 bominum
1093 557 1122 607 st

216 637 379 710 angelorum
411 634 534 708 pereatis
563 651 615 692 sua
642 635 835 707 magnitudine
866 653 924 692 non
952 636 1121 708 praevaleat,

216 722 414 793 sedquoniam
436 721 607 793 perditorum
630 721 792 792 angelornm
814 722 977 778 relevationi
993 721 1121 778 immuta·

216 809 281 866 bilis
297 808 369 864 ratio
386 812 533 878 repugnat

185 992 197 1043 1
294 963 361 1050 22.
409 996 478 1049 Boe.
507 992 696 1049 annonantur
717 1000 746 1049 es
762 993 864 1066 quibus
880 994 950 1050 nnn
968 994 1122 1050 conatus

215 1081 320 1152 possit,
347 1096 420 1152 quae
446 1080 515 1134 diois
543 1077 636 1134 omnia
661 1078 729 1134 mihi
754 1079 899 1150 videntum
925 1086 954 1135 et
969 1097 1020 1150 per
1038 1081 1120 1134 unius

217 1166 386 1238 quaestionis
409 1183 493 1238 quam
517 1165 710 1238 proposuimus
732 1165 910 1228 solutionem,
936 1163 1072 1235 quidquid
1091 1164 1121 1219 in

177 1289 181 1298 -
215 1268 288 1307 novo
317 1251 459 1324 veterique
485 1249 662 1306 Testamento
690 1249 848 1307 continetur
869 1249 1018 1321 probatum
1041 1249 1121 1304 intel·

181 1337 280 1409 tligo.
315 1336 386 1392 eum
407 1337 481 1392 enim
505 1337 545 1390 sio
561 1334 664 1407 probes
680 1335 772 1391 Deum
789 1335 849 1392 fieri
868 1335 1058 1390 hominemex
1072 1351 1120 1390 ne-

143 1493 146 1500 ·
210 1423 354 1492 ‘emsitata
371 1427 404 1477 ut
423 1421 507 1476 etiam
524 1420 548 1475 si
567 1426 758 1476 removeantur
773 1438 867 1493 pause
886 1429 957 1506 quae
971 1421 1007 1475 de
1018 1421 1119 1476 nostris

215 1509 294 1566 libris
319 1507 437 1579 posuisti
463 1509 506 1574 (ut
532 1506 608 1578 quod
633 1507 668 1562 do
692 1507 782 1563 tribus
810 1507 934 1578 personis
952 1506 1007 1562 Dei
1032 1511 1060 1562 et
1085 1507 1120 1562 de

214 1594 307 1648 Adam
330 1591 459 1664 tetigisti)
483 1608 539 1646 non
564 1592 654 1646 solum
676 1593 787 1650 Iudaeis
813 1595 864 1648 sed
890 1591 974 1648 etiam
996 1591 1120 1662 Paganis

214 1680 274 1735 sola
291 1677 400 1733 ratione
418 1675 590 1747 satisfaoias3
610 1682 638 1732 et
656 1679 716 1750 ipss
734 1680 810 1734 idem
820 1679 898 1736 Deus
918 1677 1001 1733 homo
1018 1693 1120 1732 novum

215 1765 319 1821 tondat
334 1768 531 1819 testamentum
550 1769 579 1817 et
594 1767 675 1817 vetus
695 1765 845 1834 approbet:
874 1765 947 1820 siout
964 1763 1056 1834 ipsum
1072 1781 1120 1819 ve-

212 1866 307 1906 raoem
326 1865 387 1903 esse
403 1863 518 1903 neeesse
539 1853 581 1902 est
603 1847 742 1918 confiteri,
767 1849 808 1904 ita
831 1848 901 1904 nihil
925 1848 1000 1920 quod
1017 1846 1119 1904 inillis
1171 1895 1175 1906 .

180 1937 386 2003 3·eontinetur‚
423 1948 519 1987 verum
548 1947 609 1986 esse
638 1937 730 2002 potest
759 1933 861 2006 aliquis
894 1934 1014 1990 diffiteri.
1049 1933 1118 1988 Ans.

214 2021 244 2078 Si
261 2019 330 2092 quid
350 2017 468 2072 diximus
496 2017 572 2089 qnod
593 2017 787 2088 corrigendum
805 2018 856 2088 sit,
878 2036 935 2075 non
943 2011 949 2084 J
957 2035 1043 2074 renuo
1059 2033 1119 2073 eor-

212 2105 376 2173 reetionem,
400 2103 424 2158 si
440 2100 643 2157 rationabiliter
659 2102 698 2158 fit
740 2102 770 2160 si
787 2109 882 2159 autem
898 2104 1054 2160 testimonio
1072 2119 1118 2160 ve·

212 2191 303 2246 ritatie
328 2188 490 2257 roboratur,
515 2187 590 2258 quod
612 2203 664 2242 nos
685 2186 887 2245 rationabiliter
911 2189 1051 2244 invenisse
1073 2207 1118 2246 ex·

212 2277 381 2340 istimamus,
405 2273 467 2328 Deo
489 2289 547 2328 non
565 2273 645 2329 nobis
662 2273 813 2330 attribuere
832 2274 978 2346 debemus,
1003 2275 1057 2341 Qui
1076 2282 1119 2332 est

213 2363 377 2418 benedictus
394 2359 424 2415 in
441 2359 560 2415 mesula
597 2359 697 2414 Amen.
