2638 3818
228 301 275 366 ,38
413 297 441 356 s.
457 295 627 354 russeus
645 295 951 354 esuwrereusrs

222 471 284 521 ,out
301 466 368 538 quia
383 466 491 521 tamdiu
510 470 591 520 erunt
607 465 713 537 populi,r
730 467 819 522 donee
832 481 963 522 numerus
977 465 1140 538 angelorum

185 548 217 606 53
234 551 289 608 Dei
312 551 484 622 compleatur
508 569 542 607 ex
564 550 730 606 hominibus.
765 551 802 607 Et
824 551 877 606 hoo
904 565 960 606 uuo
980 551 1039 606 solo
1056 551 1141 608 modo

235 637 335 709 exponi
350 654 432 708 posse
448 636 542 692 video:
568 635 709 690 oouaituo‘t
727 637 858 691 terminos
870 637 1044 706 populosior
1061 638 1141 692 demto

235 741 378 778 aseneum
395 723 524 792 filiorum
543 720 652 784 Israel,
678 719 783 790 idest,
809 721 875 792 quie
896 721 979 790 (sicut
995 738 1081 794 supra
1100 721 1141 776 di-

175 875 177 879 ,
236 816 312 864 otum
331 811 383 876 est)
402 804 510 862 tamdiu
526 811 608 862 erunt
625 806 722 876 populi
740 805 770 860 in
787 806 840 861 hoo
853 808 972 878 saeculo,
990 808 1079 864 dones
1090 825 1141 864 uu-

187 893 220 944 54
235 912 328 951 merus
350 897 509 948 sanetorum
531 890 673 946 hominum
696 897 859 947 assumatur.
874 929 876 934 ,
894 882 1090 965 Et-oolligitur
1107 911 1142 949 ex

236 986 355 1050 utraque
371 977 566 1044 translatione,
591 976 657 1047 quia
675 982 717 1032 tot
737 977 862 1034 homines
880 984 1055 1035 assumentur
1074 985 1143 1050 quot

115 1062 117 1067 ’
236 1069 427 1120 remanserunt
442 1061 543 1134 angeli.
578 1061 661 1128 Unde
684 1067 778 1118 tamen
802 1080 859 1118 nou
882 1064 1021 1134 sequitur,
1046 1082 1143 1138 quum-

110 1219 113 1224 Ι
237 1149 279 1203 vis
303 1145 407 1218 perditi
429 1147 524 1220 angeli
549 1164 583 1204 ex
605 1146 764 1204 hominibus
792 1148 965 1204 restaurandi
990 1154 1068 1219 suut,
1099 1155 1142 1204 tot

188 1234 220 1286 55
237 1234 352 1306 angelos
381 1234 516 1290 cecidisse
546 1240 614 1304 quot
642 1239 896 1303 perseveravenrnt.
937 1233 1018 1298 Quod
1048 1240 1143 1308 tamen

238 1321 262 1374 si
278 1319 407 1391 dieitur,
433 1319 629 1377 inveniendum
657 1318 722 1388 erit,
749 1319 886 1391 quomodo
908 1325 986 1374 ratae
1009 1337 1065 1375 uon
1088 1320 1143 1376 siut

144 1405 145 1408 ’
236 1405 458 1478 suprapositae
483 1404 619 1474 rationes,
655 1419 726 1475 quae
751 1402 886 1468 ¹videutur
910 1404 1056 1460 ostendere
1087 1423 1143 1461 non

62 1497 65 1508 ¹
157 1538 159 1541 .
237 1492 324 1547 iirisse
346 1492 376 1546 in
400 1490 518 1562 augelis,
542 1490 726 1561 priusquam
743 1488 852 1560 illoram
872 1489 986 1560 quidam
1002 1491 1143 1562 oederent,

237 1577 318 1632 illum
343 1575 497 1648 perfectum
521 1591 666 1631 numerum
690 1591 773 1646 quem
796 1575 975 1645 supradixi,
1000 1581 1029 1637 et
1049 1576 1144 1647 plures

189 1669 222 1720 56
238 1659 362 1716 homines
375 1660 475 1716 eleetos
487 1660 596 1716 futuros
609 1677 694 1733 quam
706 1658 762 1713 'sint
774 1658 841 1713 mali
854 1659 956 1730 augeli.
989 1663 1060 1715 Boe.
1079 1657 1145 1718 Non

239 1763 283 1802 me
301 1745 426 1818 poenitet
443 1747 511 1818 quia
531 1747 611 1820 eoegi
631 1753 674 1811 te,
699 1752 731 1800 ut
750 1744 787 1799 de
807 1744 914 1816 angelis
934 1743 1004 1800 haee
1023 1745 1144 1812 dieeres3

238 1849 305 1888 nam
331 1849 388 1888 non
412 1831 517 1888 flustra
543 1833 649 1888 festum
678 1837 729 1887 est
763 1831 846 1887 Nune
865 1829 931 1886 redi
955 1830 993 1884 ad
1014 1829 1044 1885 id
1068 1832 1145 1886 unde

221 1953 224 1958 -
240 1917 359 1991 digressi
375 1935 479 1974 sumus.
1037 1955 1040 1960 Δ

208 2169 226 2220 1.
323 2138 393 2226 ii).
435 2172 506 2234 Aua.
528 2170 644 2226 Constat
654 2170 747 2226 Deum
760 2171 944 2242 proposuisse,
962 2172 1045 2246 utde
1060 2171 1154 2252 homi-¹

240 2255 323 2312 rubra
344 2256 460 2329 angelos
479 2257 528 2329 qui
547 2257 707 2312 ceciderant
725 2261 902 2312 restauraret.
936 2258 1004 2318 Bos.
1032 2257 1146 2314 Certum

206 2349 223 2402 2
241 2347 292 2399 ost
327 2345 397 2398 Aur.
413 2343 496 2399 Tales
524 2359 590 2414 ergo
617 2347 726 2412 opertet
744 2357 805 2396 esse
821 2341 945 2398 homiues
965 2343 996 2399 in
1011 2342 1062 2399 illa
1080 2344 1147 2398 eivi-

239 2434 299 2484 tete
316 2445 437 2500 superno
454 2427 503 2498 qui
521 2443 572 2498 pro
592 2426 699 2498 angelis
720 2426 750 2481 iu
771 2427 849 2482 illem
868 2434 1055 2500 assumentur,
1080 2445 1147 2502 qua·

240 2513 282 2567 les
301 2513 343 2568 illi
366 2512 454 2568 futuri
478 2512 519 2568 ibi
546 2517 639 2581 erant,
663 2529 718 2584 pro·
738 2512 839 2584 quibus
861 2512 964 2568 ibidem
987 2522 1069 2571 erunt
1084 2515 1103 2571 i.
1122 2532 1146 2571 e.

241 2597 339 2670 quales
366 2616 440 2654 nuno
464 2604 529 2653 sunt
551 2597 619 2654 boni
643 2597 751 2670 augeli3
774 2598 898 2669 alioquin
921 2614 977 2666 uon
1001 2606 1084 2655 erunt
1105 2617 1147 2656 re

241 2683 359 2740 staureti
378 2684 616 2754 quereremur,
638 2690 666 2739 et
683 2689 826 2755 sequetur,
844 2682 1005 2754 quiaDeur
1023 2692 1147 2741 autnon
1183 2717 1191 2726 —

241 2770 346 2842 poterit
375 2769 508 2842 perdicere
535 2768 639 2826 bonum
669 2769 745 2842 quod
765 2769 883 2840 inrepit,
918 2775 971 2823 aut*
993 2770 1148 2840 poenitebit

241 2873 306 2912 eum
328 2863 438 2912 temtum
461 2855 566 2911 bouum
590 2855 742 2927 incepiss03
767 2864 840 2926 quae
861 2853 917 2931 duo
933 2854 1057 2911 absurdo
1073 2860 1147 2911 sunt

209 2939 225 2994 ὃ
242 2944 311 2996 Bos.
339 2941 413 2997 Vere
431 2947 541 3012 oportet
554 2946 586 2996 ut
602 2940 733 3012 aequales
750 2933 810 2996 sint
822 2939 947 3006 homines
964 2941 1044 2997 bonis
1062 2957 1149 3014 ange·
1245 2979 1246 2982 η

241 3025 285 3082 lis
327 3025 399 3081 Aue.
432 3025 506 3081 Boni
532 3026 626 3098 augeli
652 3042 812 3097 unquamne
839 3026 1044 3096 peceaverunt?
1079 3027 1148 3082 Boe.

209 3113 227 3165 4
242 3111 313 3166 Non.
349 3112 418 3167 Ans.
436 3112 557 3168 Potesne
578 3111 717 3183 cogitare,
737 3112 813 3182 quod
829 3111 911 3166 homo
928 3110 980 3181 qui
998 3110 1148 3181 aliquando

241 3197 370 3265 peecarit
398 3199 450 3252 nee
479 3187 603 3270 unquam
625 3196 688 3252 Deo
717 3214 768 3269 pro
791 3202 906 3270 peceato
930 3213 981 3251 suo
1004 3195 1149 3264 satisfecit,

218 3331 221 3341 ,
240 3281 292 3336 sed
308 3287 428 3357 tentam„
434 3283 588 3354 impunitus
608 3282 765 3350 dimittitur,
782 3283 912 3354 aequalis
927 3283 963 3338 sit
980 3282 1081 3354 angelo
1100 3280 1149 3352 qui

209 3372 383 3438 5nurrquam
401 3367 547 3437 pertavit?
573 3370 650 3423 Bos.
685 3366 781 3422 Verba
797 3368 853 3424 iste
870 3367 994 3438 cogitare
1011 3372 1040 3422 et
1056 3365 1149 3421 dicere
