2638 3818
417 266 495 325 cus
511 265 613 324 nnus
630 264 748 322 nouo,
783 265 821 322 11.
843 270 886 324 ιο.
1052 267 1107 338 ee

198 439 313 496 deamus
329 439 366 494 ad
380 435 605 508 investigandum
616 435 653 492 de
664 435 721 506 illo,
741 436 822 509 quasi
832 435 957 494 neudum
969 438 1014 509 sit,
1035 438 1107 496 sieut

197 523 359 596 incepimus.
393 524 467 580 Dieo
491 523 592 595 igitur,
623 521 647 577 si
670 536 788 591 petente
812 537 869 578 non
895 523 1010 594 poterit,
1041 525 1108 596 quie

197 611 269 667 sieut
294 611 365 666 dieis
394 626 452 665 nen
480 609 583 680 poterit
609 606 694 678 velle,
724 624 758 664 ex
787 607 952 664 necessitate
984 611 1108 668 servabit

195 696 345 765 iustitiam,
376 710 462 768 quere
490 710 547 750 uon
576 710 610 750 ex
638 693 769 750 libertate
797 693 905 751 arbitrii
929 693 1018 750 iustus
1045 696 1106 752 erit

197 781 275 848 Quae
300 781 388 854 igitur
411 779 503 852 gretia
524 779 566 834 illi
587 795 638 851 pro
662 779 769 836 iustitis
787 797 840 837 sua
854 778 1021 840 debebitur?
1057 781 1106 840 So-
1126 776 1157 828 ¹⁰

197 868 286 924 lemus
304 881 424 936 namque
443 865 549 936 didere,
574 865 668 922 Deum
685 866 790 922 ideireo
806 865 907 922 fecisse
925 864 1057 938 angelum
1078 873 1106 922 et

196 953 337 1010 hominem
353 950 431 1020 edm
456 951 504 1022 qui
522 967 640 1023 peceare
655 956 786 1022 possent3
807 959 944 1024 quatenus
962 969 1026 1008 eum
1041 969 1104 1023 pos·

196 1043 260 1096 sent
279 1037 405 1094 deserere
426 1037 560 1094 iustitiam
578 1042 606 1093 et
631 1053 665 1094 ex
682 1037 811 1094 libertate
828 1038 936 1095 arbitrii
956 1044 1104 1108 servarent,

197 1123 318 1196 grauun
337 1129 365 1180 et
383 1123 493 1180 leudem
517 1129 701 1194 mementur,
746 1139 799 1180 uae
824 1123 880 1179 illis
898 1124 923 1178 si
938 1125 1105 1182 necessitate

198 1208 265 1264 iusti
291 1216 383 1264 essent
408 1227 465 1267 nou
489 1209 664 1268 deberentur.
699 1211 768 1265 Am.
804 1209 904 1267 Nonne
920 1210 1030 1281 angeli,
1056 1206 1155 1284 quill

197 1294 279 1352 mode
306 1310 421 1366 peecare
450 1300 608 1368 nequeunt,
636 1293 772 1362 laudandi
803 1294 887 1350 sunt?
927 1296 997 1351 Boe.
1033 1296 1105 1354 Sunt

197 1379 303 1451 utique,
321 1382 388 1453 quie
403 1382 456 1437 hec
474 1381 551 1453 qued
569 1380 652 1437 mede
669 1399 726 1438 nen
742 1388 860 1454 possunt
877 1386 1038 1436 meruerunt
1055 1399 1106 1452 per

197 1465 264 1532 hee,
289 1466 364 1538 quod
381 1473 533 1539 potnerunt
548 1472 577 1524 et
594 1467 751 1522 noluerunt.
786 1468 856 1522 Aee.
885 1467 960 1532 Quid
980 1466 1050 1522 dieis
1069 1467 1105 1522 de
1124 1465 1155 1518 12

197 1550 272 1621 Dee,
294 1551 342 1624 qui
367 1569 485 1624 peeeere
506 1570 564 1611 nen
584 1558 678 1624 petest
700 1569 753 1609 nee
778 1550 831 1608 hee
857 1553 959 1610 meruit
982 1569 1033 1624 per
1056 1570 1105 1625 po·

198 1641 324 1694 testatem
341 1639 492 1709 peeeendi,
517 1655 573 1710 que
590 1656 646 1694 non
668 1637 809 1709 peeeevit3
831 1655 923 1694 nonne
947 1639 1105 1696 laedendus

195 1729 238 1778 est
255 1741 307 1795 pro
323 1722 432 1778 imdtin
449 1722 520 1778 sue?
554 1725 623 1778 Boe.
650 1722 706 1778 Hie
723 1723 794 1794 volo,
819 1728 852 1778 ut
868 1723 1036 1794 respondeas
1053 1742 1105 1795 pro
1125 1724 1156 1776 13

195 1824 254 1879 me;
283 1825 349 1866 num
373 1809 398 1863 si
421 1808 484 1864 dieo
507 1825 572 1865 eum
594 1825 651 1864 non
675 1825 735 1864 esse
760 1809 948 1878 laudandum,
976 1808 1034 1865 seio
1060 1826 1105 1865 me

195 1894 323 1964 mentiri;
352 1894 376 1948 si
393 1898 487 1951 eutem
510 1894 573 1950 dieo
589 1894 776 1964 laudandum,
801 1894 886 1952 timeo
907 1893 1046 1950 infir-mere
1061 1911 1104 1949 re-

195 1980 299 2038 tionem
323 1997 409 2052 quam
432 1979 489 2034 dixi
514 1980 550 2035 de
572 1981 690 2054 augelis.
725 1982 795 2036 Aee.
831 1979 936 2052 Angeli
959 1997 1016 2035 non
1040 1979 1157 2035 suntid

195 2064 331 2122 luudnndi
352 2063 386 2120 de
404 2065 512 2122 iustitia
534 2083 600 2136 sue,
629 2066 696 2138 quin
717 2083 835 2138 peceare
857 2071 1020 2138 potuerunt,
1053 2065 1102 2120 sed

195 2151 263 2222 qnia
289 2167 340 2220 per
364 2150 417 2206 hoe
441 2152 645 2222 quedammodo
667 2169 686 2207 n
709 2170 740 2210 se
761 2150 867 2208 habent
889 2150 965 2223 quod
985 2167 1104 2222 peceare

195 2243 354 2308 nequeuut;
381 2236 412 2291 in
436 2253 491 2309 quo
514 2237 690 2310 aliquatenus
714 2237 817 2294 similes
837 2243 902 2293 sunt
918 2237 994 2308 Deo,
1019 2237 1068 2309 qui
1086 2253 1105 2291 a

195 2339 226 2378 se
249 2321 336 2379 hebet
362 2321 498 2394 quidquid
523 2322 618 2382 hebet.
659 2323 770 2380 Dicitur
795 2324 869 2378 enim
893 2323 960 2377 dare
988 2321 1103 2395 aliquid,
1124 2315 1154 2365 15

197 2405 245 2476 qui
272 2426 328 2464 non
356 2407 449 2464 aufert
474 2409 587 2479 quando
604 2415 711 2481 potest3
738 2415 768 2466 et
791 2408 885 2464 faeere
909 2424 969 2464 esse
988 2407 1104 2480 aliquid,

197 2491 331 2560 quicum
353 2493 443 2565 possit
468 2493 497 2549 id
526 2495 619 2566 ipsum
643 2495 736 2552 faeere
761 2511 820 2552 nen
845 2511 917 2565 esse,
946 2511 1003 2550 non
1029 2493 1104 2550 feeit

196 2574 243 2632 Sic
264 2576 359 2651 itaque
381 2597 445 2636 eum
467 2581 584 2653 augelus
608 2583 701 2653 potuit
727 2581 835 2638 auferre
853 2579 908 2636 sibi
924 2578 1060 2634 iustitiam
1076 2585 1105 2635 et

198 2677 255 2715 non
270 2663 400 2734 abstulit,
420 2672 449 2722 et
466 2665 560 2724 faeere
577 2685 608 2724 se
624 2685 681 2723 non
701 2679 762 2722 esse
781 2666 885 2722 iustum
904 2670 932 2720 et
948 2684 1005 2722 nen
1022 2664 1104 2733 feeit3

197 2751 274 2801 reete
293 2749 425 2806 asseritur
441 2751 502 2822 ipse
521 2752 576 2808 sibi
595 2753 705 2809 dedisse
720 2751 863 2822 iustitiam,
883 2757 911 2808 et
928 2751 1051 2822 seipsum
1062 2749 1103 2802 iu-

198 2839 273 2889 stum
299 2835 405 2893 iecisse.
441 2837 504 2893 Hoe
530 2838 617 2910 igitur
644 2838 727 2893 mode
751 2837 837 2893 hebet
864 2854 883 2892 a
907 2854 937 2893 se
959 2833 1103 2903 iustitium,
1124 2831 1155 2884 16

198 2919 276 2989 (quia
298 2927 425 2978 ereatura
448 2939 510 2979 eam
538 2921 620 2978 aliter
646 2939 714 2980 ase
734 2922 838 2980 habere
862 2921 983 2994 nequit,)
1008 2923 1037 2974 et
1061 2917 1102 2972 id·

196 3005 271 3062 eireo
288 3007 446 3064 laudandus
464 3016 506 3064 est
523 3008 558 3064 de
580 3026 633 3063 sua
654 3007 772 3080 iustitia,
796 3026 848 3065 nee
868 3005 1033 3062 necessitate
1052 3003 1103 3060 sed

195 3090 326 3149 libertate
348 3093 437 3149 iustus
461 3100 518 3164 est3
548 3094 615 3166 quia
641 3095 791 3167 improprie
817 3093 920 3149 dicitu
943 3088 1101 3159 neeessites,

195 3271 297 3320 euntur
319 3283 418 3336 posse,
441 3282 497 3322 uon
519 3282 571 3322 sua
594 3265 645 3321 ned
671 3265 764 3321 aliene
787 3266 939 3335 potestate3
962 3265 991 3317 et
1012 3258 1102 3316 multe

193 3349 251 3390 non
268 3351 360 3405 posse,
379 3351 435 3390 non
452 3352 503 3391 suu
518 3336 567 3392 sed
585 3333 678 3391 aliene
693 3331 882 3406 impotentie.“
