2638 3818
237 313 259 381 6
420 313 448 372 S.
468 301 639 369 tristem
656 307 963 371 cmwfflmrtsts

206 556 219 607 1
318 515 359 605 40
411 554 481 608 Bos.
516 549 618 608 Omnis
635 548 705 606 boec
726 549 845 622 pulchre
861 555 890 606 et
908 548 989 622 qussi
1007 547 1148 620 qooedm

239 635 366 706 picturae
389 635 567 707 suscipiende
590 638 670 703 sunt;
693 635 743 690 sed
765 635 790 690 si
812 652 870 690 non
894 634 931 690 sit
953 633 1062 705 aliquid
1081 632 1145 687 soli·

241 720 307 778 dum
325 739 410 793 super
426 722 501 794 quod
520 719 648 789 sedeant,
667 735 728 775 noo
747 719 877 776 videntur
891 719 1051 776 infidelibus
1067 715 1145 772 suffi-

240 823 315 877 cere,
340 825 391 864 our
407 807 500 864 Deum
524 822 559 860 eo
584 821 656 877 quse
677 803 795 860 dicimus
813 804 874 876 pati
891 805 1013 860 voluisse
1030 801 1149 860 creden

206 890 399 952 idebeomue
433 892 507 950 Nom
531 892 580 962 qui
604 891 741 962 picturam
764 889 825 944 vult
842 889 947 962 ferere,
973 889 1080 963 aliquid
1096 887 1148 945 eli-

240 977 283 1050 git
298 977 418 1032 solidum
434 993 518 1049 super
535 977 610 1048 quod
628 977 743 1047 pinget,
768 981 802 1030 ut
821 983 934 1033 mereat
951 977 1027 1049 quod
1046 975 1147 1047 pingit.

239 1063 329 1119 Nemo
350 1061 424 1118 enim
445 1061 538 1134 pingit
561 1061 592 1117 in
616 1078 690 1134 oque
714 1061 760 1118 vel
780 1061 811 1118 in
827 1064 904 1131 obre,
927 1062 995 1134 quis
1011 1062 1052 1120 ibi
1066 1061 1148 1120 nullo

206 1149 354 1202 emanent
377 1149 503 1220 picturae
526 1147 654 1220 vestigio
689 1146 866 1220 Quapropter
887 1163 951 1204 curn
976 1147 1027 1202 hes
1047 1163 1146 1202 eonve-

240 1231 359 1288 nienties
381 1251 452 1306 ques
479 1233 549 1290 dicis
571 1233 732 1289 infidelibus
757 1232 837 1306 qussi
859 1232 995 1304 quosdam
1022 1233 1149 1304 picturas

240 1316 281 1374 rei
307 1325 404 1390 gestae
433 1317 623 1388 obtendimus,
648 1318 778 1390 quonism
805 1335 861 1374 non
882 1336 942 1374 rem
968 1324 1076 1390 gestem
1096 1317 1147 1374 sed

241 1402 404 1475 figmentum
421 1403 591 1460 arbitrantur
608 1420 684 1474 esee,
711 1404 786 1476 quod
810 1403 947 1460 credimus
965 1403 1046 1476 qussi
1062 1420 1148 1475 super

206 1489 345 1546 turbem
371 1489 489 1562 pingere
514 1507 565 1546 nos
592 1479 758 1551 existiment.
805 1489 987 1546 Monstronde
1012 1495 1055 1546 est
1079 1507 1148 1562 ergo

240 1574 319 1645 prius
355 1575 482 1632 veritatis
516 1575 690 1632 rationabilis
725 1576 851 1632 soliditas
884 1575 903 1630 i.
934 1593 958 1633 e
986 1575 1148 1646 necessitas,

241 1675 313 1732 quoe
339 1661 440 1732 probet
463 1659 557 1716 Deum
581 1661 619 1718 od
642 1666 678 1717 'ee
703 1675 775 1734 quoe
801 1659 995 1730 praedicamus
1018 1661 1148 1718 debuisse

208 1750 291 1805 caut
314 1745 439 1815 potuisse
459 1745 607 1804 humiliori.
640 1746 750 1804 Deinde
773 1751 807 1801 ut
830 1745 922 1816 ipsum
944 1745 1025 1818 qussi
1045 1763 1148 1816 corpus

242 1829 367 1888 veritatis
390 1831 456 1903 plus
480 1832 582 1903 niteat,
605 1831 676 1888 istae
698 1831 906 1888 convenientiae
925 1832 1005 1904 qussi
1021 1832 1148 1903 picturae

208 1915 364 1988 beorporis
395 1924 461 1974 sunt
491 1918 698 1989 exponendae·
724 1919 794 1974 Ars.
833 1917 934 1974 Nonne
961 1918 1028 1972 setis
1053 1934 1149 1977 neces-

241 2003 316 2060 sarie
338 2003 410 2060 ratio
433 2003 557 2072 videtur,
579 2019 630 2058 cur
655 2002 733 2056 Deus
758 2018 793 2058 ee
817 2019 888 2074 quse
915 2002 1034 2058 dicimus
1054 2002 1149 2060 fecere

242 2088 383 2143 debuerit:
409 2088 476 2158 quia
495 2103 584 2158 genus
599 2086 766 2158 humanum,
791 2093 850 2144 tem
871 2087 979 2144 scilicet
996 2089 1149 2159 pretiosum

242 2188 312 2242 opus
332 2170 408 2237 eius,
432 2171 544 2230 omnino
566 2171 687 2242 perierot
705 2189 757 2228 nec
775 2173 907 2243 decebat,
928 2177 962 2227 ut
978 2173 1053 2244 quod
1069 2173 1149 2229 Deus

243 2256 278 2312 de
295 2255 407 2312 bomine
423 2262 614 2328 proposuerat,
632 2257 743 2328 penitus
762 2257 979 2329 annihilaretm
1002 2273 1055 2314 noc
1072 2257 1149 2316 idem

243 2339 301 2398 eius
326 2339 500 2412 propositum
523 2342 560 2398 ed
587 2341 716 2398 effectum
740 2342 805 2398 duci
828 2349 953 2414 poteret,
979 2343 1035 2400 nisi
1058 2361 1151 2416 genus

241 2425 393 2482 humerum
408 2428 445 2484 ab
462 2427 524 2499 ipso
541 2432 666 2484 creatore
682 2445 733 2484 suo
749 2428 934 2484 libereretur?

211 2580 223 2632 1
320 2547 363 2633 50
410 2583 481 2637 Boo.
500 2580 593 2637 llaec
615 2579 678 2652 ipse
698 2580 827 2638 liberatio
854 2579 946 2652 siper
962 2579 1047 2636 ollem
1064 2597 1149 2654 quem

242 2680 294 2736 per
313 2663 369 2719 Dei
386 2682 535 2737 personam
552 2667 621 2734 (sive
636 2684 688 2738 per
708 2667 841 2740 angelum
857 2665 916 2721 sive
933 2683 985 2739 per
997 2666 1149 2736 bominem)

244 2765 304 2805 cese
327 2747 405 2804 fecte
428 2750 554 2821 quolibet
577 2752 659 2808 modo
682 2752 835 2823 diceretur,
859 2769 937 2808 mens
957 2750 1079 2808 humens
1094 2752 1150 2808 hoc

100 2845 106 2856 ·
209 2831 331 2890 lmulto
351 2832 524 2890 tolerabilius
543 2835 690 2907 acciperet.
721 2837 817 2894 Potuit
835 2837 910 2892 enim
920 2835 999 2891 Deus
1009 2835 1149 2894 hominem

243 2918 365 2992 aliquem
389 2917 482 2976 fecere
505 2919 566 2975 sine
588 2927 718 2993 peccato,
741 2939 799 2978 non
822 2921 857 2979 de
879 2937 972 2977 masso
992 2925 1149 2994 peccatrice

243 3020 295 3059 nec
312 3004 348 3061 de
366 3002 461 3076 aliquo
477 3003 601 3074 bomine,
622 3007 672 3062 sed
691 3007 763 3062 sicut
778 3006 848 3062 feeit
864 3005 973 3080 Adam,
997 3025 1150 3082 perquem

209 3087 294 3144 thoe
315 3089 407 3161 ipsum
430 3106 501 3160 opus
523 3089 583 3146 fieri
601 3092 725 3162 potuisse
741 3093 859 3148 videtur.
893 3093 964 3148 Aes.
988 3092 1092 3151 Annon
1107 3095 1149 3150 in·

242 3173 355 3247 telligis,
372 3175 446 3248 quie,
464 3191 645 3248 quaecunque
663 3176 719 3230 elis
736 3192 855 3248 persone
871 3175 1009 3236 bominem
1026 3198 1044 3236 ιι
1059 3185 1150 3237 morte

243 3265 357 3318 aeterne
378 3255 537 3328 redimeret,
562 3260 622 3316 eius
648 3277 742 3324 servus
760 3262 833 3318 idem
851 3262 933 3320 homo
949 3273 1027 3322 recte
1043 3265 1149 3321 iudice-

208 3342 339 3402 tretur?
379 3341 461 3408 Quod
489 3344 514 3398 si
540 3349 625 3414 esset,
649 3345 809 3402 nullatenus
830 3353 1002 3404 restauratus
1022 3344 1152 3405 oscetin
