2638 3818
215 287 256 354 86
397 284 425 342 S.
445 281 618 352 ANSELMI-
634 279 940 350 esuriremus&

214 453 270 508 imo
293 453 427 525 seipsum,
452 455 559 508 uuum
585 450 691 506 seilicet
714 467 860 522 personam
882 455 961 506 tsnts
977 450 1124 507 voluntate

182 537 300 594 idsdit.
347 541 416 594 Boe.
450 537 570 593 Multum
598 535 770 608 propinques
804 535 940 591 desiderio
965 552 1042 597 muoz
1071 537 1123 593 sed

214 621 319 677 sustine
337 628 369 676 61
387 623 520 694 quiddam
539 639 686 694 quaeram,
706 620 782 692 quod
799 619 924 691 quumvis
941 621 1124 677 1616616161-

214 707 287 763 sitan
309 712 391 778 putes
417 724 564 781 quaerere,
590 724 647 762 non
673 710 765 759 tumen
792 705 821 759 in
846 713 978 777 promptu
993 707 1062 761 mihi
1081 711 1124 762 esi

182 793 282 865 equid
317 793 506 863 respondeam,
542 793 567 846 si
603 809 621 845 s
653 806 697 845 me
735 795 893 861 quaeratur.
939 790 1018 846 Dieis
1048 791 1121 863 quis,

214 877 325 949 quando
358 883 482 932 mortuus
512 884 568 945 est,
600 877 677 933 dedit
705 874 780 947 quod
813 894 869 930 uon
898 876 1024 932 debebat,
1065 876 1121 934 Sed

216 979 297 1018 nemo
320 961 436 1032 negabit
458 961 538 1015 illum
563 961 661 1015 melius
685 959 799 1029 fecisse,
826 961 937 1031 quando
960 960 1122 1019 116661661-
1193 1022 1199 1032 ,

214 1047 294 1118 plum
315 1045 409 1100 1611161·
434 1046 526 1120 dedit,
554 1051 582 1103 61
608 1043 696 1118 magis
721 1043 774 1099 hoe
801 1043 912 1115 plaeere
936 1045 1011 1118 Deo,
1038 1065 1123 1119 quam
1184 1027 1188 1036 ¹
1226 1071 1228 1077 ⁴

216 1131 241 1185 si
261 1147 318 1186 non
336 1129 390 1186 hoe
405 1129 534 1200 fecisset3
559 1137 609 1185 aut
626 1130 701 1184 dieet
720 1145 783 1184 eum
800 1146 857 1183 non
877 1129 1005 1187 debuisse
1021 1131 1124 1204 fucere,
1178 1199 1180 1202 ¹

216 1213 292 1286 quod
316 1209 414 1271 melius
439 1231 499 1271 esse
524 1220 553 1270 61
576 1215 651 1287 quod
668 1214 757 1286 magis
773 1215 884 1286 plaeere
901 1215 962 1272 Deo
980 1217 1123 1273 intellexit,

182 1310 198 1361 9
217 1291 359 1366 Quomodo
382 1318 448 1374 ergo
475 1317 628 1357 asseremus
652 1317 715 1356 eum
738 1318 794 1356 non
816 1299 946 1356 debuisse
962 1301 1023 1356 Deo
1048 1302 1123 1374 quod

216 1386 322 1442 166111.
347 1404 370 1442 e.
395 1385 470 1458 quod
494 1376 593 1442 melius
617 1402 677 1441 esse
699 1391 727 1442 61
752 1385 852 1456 magis·
864 1384 975 1455 plaeere
996 1385 1057 1442 Deo
1081 1385 1123 1440 in·

217 1471 338 1540 16116111,
368 1471 530 1543 praesertim
559 1472 625 1526 'eum
653 1475 780 1527 ereatura
806 1470 908 1527 debeat
935 1469 997 1542 Deq
1025 1477 1123 1542 totum,

167 1551 198 1604 10
217 1555 294 1626 quod
316 1563 359 1610 est
382 1561 410 1610 61
433 1556 507 1626 quod
530 1555 583 1611 seit
599 1562 627 1611 61
645 1555 720 1626 quod
736 1554 849 1626 potest?
884 1557 954 1610 Ans.
991 1556 1123 1620 Quemvis

216 1645 344 1696 ereatura
360 1640 430 1696 nibil
446 1639 549 1696 habeat
565 1657 583 1696 a
600 1659 638 1710 se,
663 1640 774 1713 quando
792 1645 886 1696 tamen
904 1639 945 1694 illi
961 1639 1039 1696 Deus
1059 1658 1124 1696 eou-

216 1724 292 1780 eedit
317 1725 424 1798 sdiquid
449 1725 525 1782 licite
553 1726 646 1782 faeere
672 1731 701 1782 61
725 1724 912 1795 nonfacere,
940 1724 990 1780 det
1014 1725 1056 1781 illi
1081 1726 1123 1781 its

216 1827 297 1865 suum
314 1827 374 1866 esse
389 1817 551 1884 utrumque,
578 1816 610 1867 ut
634 1811 700 1867 lieet
723 1811 840 1866 alterum
860 1810 898 1864 sit
913 1811 1028 1880 melius,
1054 1829 1123 1866 neu·

214 1899 289 1952 trum
325 1901 420 1952 temen
454 1897 581 1969 exigatur
617 1895 814 1966 determinate,
859 1895 908 1950 sed
945 1897 1002 1951 sive
1037 1895 1125 1954 iaciat

217 1980 293 2052 quod
317 1981 415 2037 melius
443 1986 486 2038 est
511 1982 569 2038 sive
598 1984 731 2049 alterum,
761 1980 862 2035 debere
892 1979 985 2036 faeere
1014 1981 1123 2037 dicatur
1151 2009 1153 2014 ·

216 2065 292 2137 quod
309 2065 393 2136 iuuit,
413 2073 442 2121 61
458 2066 482 2120 si
497 2065 567 2120 feeit
579 2065 653 2137 quod
665 2065 762 2121 melius
776 2071 826 2134 est,
841 2065 994 2136 praemium
1006 2067 1123 2137 habeam

168 2152 283 2225 11quis
308 2161 406 2226 sponse
432 2151 481 2206 dat
501 2151 575 2222 quod
593 2167 673 2205 suum
699 2153 748 2206 esi
789 2149 862 2206 Num
887 2166 950 2205 eum
976 2151 1123 2224 virginitas

216 2239 313 2295 melior
336 2239 373 2293 sit
395 2235 539 2308 coniugio,
569 2241 697 2291 neutrum
722 2231 872 2304 tamenab
896 2235 1006 2293 homine
1032 2237 1125 2292 deter-
1224 2263 1227 2270 ¹

215 2321 320 2377 minate
347 2321 480 2394 exigitur3
507 2322 557 2378 sed
574 2328 602 2377 et
626 2319 822 2392 qui'eouiugio
840 2321 882 2374 uti
900 2329 927 2378 et
944 2322 993 2394 qui
1009 2321 1123 2392 virgini-

214 2411 301 2462 tatem
326 2396 436 2464 servare
457 2409 576 2478 mavult,
601 2407 676 2478 quod
700 2405 769 2461 feeit
786 2407 886 2464 debere
903 2406 1123 2476 faeere'dieitur.

167 2490 198 2541 1²
216 2491 304 2548 Nemo
327 2492 400 2548 enim
425 2491 614 2566 virginitatem
634 2493 693 2548 sive
717 2491 878 2564 coniugium
895 2491 963 2546 dicit
981 2491 1048 2564 eligi
1063 2509 1122 2546 non

217 2575 332 2645 debere3
350 2577 400 2632 sed
417 2576 542 2647 dicimus,
560 2577 626 2648 quis
644 2578 719 2649 quod
738 2579 845 2634 mavult
862 2578 951 2645 homo,
971 2583 1121 2649 antequam

215 2659 321 2732 aliquid
339 2659 436 2715 horum
459 2668 581 2732 statuet,
604 2661 658 2718 hoe
682 2663 765 2719 debet
783 2663 892 2733 faeere3
922 2667 950 2718 61
968 2662 992 2717 si
1009 2663 1123 2735 virgini-

214 2751 302 2802 tatem
328 2751 434 2816 servat,
461 2764 512 2818 prs
538 2753 688 2824 spontaneo
716 2764 829 2806 munere
856 2747 931 2820 quod
957 2747 1038 2804 offert
1060 2748 1123 2803 Deo

167 2832 198 2884 13
214 2831 367 2902 praemium
397 2838 532 2903 expectas.
581 2833 652 2888 Cum
671 2851 750 2906 ergo
784 2841 938 2890 eresmram
965 2833 1033 2888 dieis
1060 2832 1122 2887 Deo

216 2916 319 2974 debere
338 2917 413 2989 quod
429 2917 528 2972 meiius
551 2919 604 2975 seit
627 2924 655 2975 61
678 2926 784 2990 potest,
809 2919 832 2973 si
858 2917 992 2990 intelligis
1017 2933 1050 2972 ex
1074 2915 1122 2972 de·

214 2999 275 3059 bito
294 3007 323 3058 61
340 3018 397 3060 666
413 3003 555 3075 subaudis,
568 3004 598 3058 'si
613 3003 692 3061 Deus
707 3005 797 3074 iubet,
816 3021 872 3060 uon
890 3009 933 3058 est
949 3019 1058 3074 semper
1074 3017 1122 3058 ve·

215 3105 284 3144 rum.
319 3086 476 3160 Siquidem,
498 3093 531 3144 61
556 3085 628 3158 dixi,
652 3107 708 3146 uon
732 3090 816 3147 debet
833 3089 914 3145 homo
933 3087 1122 3161 virginitatem

165 3174 198 3226 14
216 3189 250 3228 ex
267 3171 370 3242 debito,
393 3173 443 3228 sed
464 3174 488 3228 si
506 3173 626 3244 mavult,
652 3174 736 3232 debet
759 3175 802 3230 uti
825 3175 963 3247 coniugio.
999 3173 1080 3241 Quod
1097 3171 1122 3227 si

214 3261 244 3313 16
261 3263 354 3313 movet
370 3258 486 3314 verbum
505 3259 584 3332 quod
610 3265 652 3316 est
674 3258 791 3329 debere,
814 3275 866 3314 666
890 3267 971 3332 potes
992 3258 1064 3314 illud
1080 3258 1121 3312 in-

214 3341 340 3414 telligere
360 3342 420 3399 siue
443 3343 537 3424 ulique
562 3343 673 3416 debito,
695 3343 779 3422 seito,
806 3343 872 3416 quis
890 3341 963 3401 sieut
985 3341 1122 3413 66611ηεί1
