2638 3818
69 357 74 368 Ι
180 285 211 326 1v
444 289 663 346 aucurino
682 287 871 366 naruours.

179 472 348 550 paternam
372 463 406 528 in
428 462 615 530 coenobium
639 461 849 546 reciperetur,
880 461 1050 548 paullatim
1075 462 1136 530 ter-

177 569 287 619 vorem
308 549 493 634 rehgiosum
517 565 647 632 prorsus
672 547 811 613 abiicere
835 547 955 631 incepit
980 548 1136 614 animum·

178 656 240 721 que
255 641 353 702 antea
366 633 480 701 studiis
495 631 637 697 deditum
652 630 805 698 distinere
818 633 987 699 mundanis
1001 633 1135 718 deliciis,

176 723 224 789 ita
245 729 361 802 tamen,
381 725 417 784 ut
438 715 589 802 quamdiu
606 723 709 783 mater
729 716 847 782 dilecta
860 725 946 785 esset
961 726 1135 804 superstes,

177 809 316 873 claustra
337 803 469 890 pudoris
487 821 551 868 non
571 800 792 886 pertingeret.
828 803 872 866 At
886 803 1135 870 enim'defuncta

175 892 403 973 Ermenberga,
425 887 530 972 „illico
551 886 645 952 havis
667 887 772 953 cordis
787 885 865 971 eius,
885 889 979 972 quasi
994 888 1134 955 anchora

175 977 316 1062 perdita,
342 973 376 1038 in
402 971 517 1039 fluctus
541 971 663 1037 saeculi
683 991 788 1056 paene
813 977 881 1038 tota
902 972 1030 1059 dilapsa
1055 973 1133 1040 est.“

174 1061 337 1143 Accessit,
366 1057 452 1142 quod
472 1058 537 1126 Dei
551 1056 780 1131 inscrutabilis
806 1075 844 1123 sa
866 1056 967 1132 tenuo
986 1058 1134 1144 permisit

175 1153 208 1212 et
228 1147 262 1211 in
284 1143 428 1210 Anselmi
457 1143 592 1209 salutem
620 1141 729 1225 vertit,
757 1141 830 1208 Gun
853 1138 908 1207 ulfi
934 1144 1037 1226 patris
1059 1165 1132 1210 con-

175 1237 226 1302 tra
246 1230 347 1295 filium
367 1229 401 1294 in
430 1228 499 1295 dies
528 1246 675 1294 crescens
699 1226 807 1294 odium
827 1229 1007 1310 acerbaque
1028 1229 1132 1314 indig-

174 1316 278 1400 natio,
293 1335 376 1398 quae
398 1313 578 1379 humihtate
600 1332 664 1377 non
686 1311 779 1378 modo
800 1311 894 1378 leniri
915 1313 1050 1397 nequiit,
1073 1314 1132 1380 sed

96 1473 98 1490 ,
173 1401 271 1468 etiam
291 1405 491 1484 exaggerata
512 1405 569 1464 est.
612 1397 697 1462 Hinc
715 1397 822 1481 patria
849 1397 977 1482 relicta,
1006 1397 1130 1466 iuvenis

172 1493 384 1571 posteaquam
418 1483 519 1568 Alpes
560 1479 647 1548 haud
682 1481 753 1551 sine
795 1483 922 1570 magnis
967 1483 1130 1550 laboribus

171 1569 346 1656 superavit,
368 1567 609 1656 ipBurgundia
631 1573 664 1632 et
683 1567 824 1634 Francia
844 1567 1015 1634 triennium
1027 1574 1131 1636 trans-

140 1669 141 1672 ’
172 1657 256 1741 egit5
287 1653 404 1721 deinde
435 1653 610 1737 Abnouae,
641 1672 724 1734 quae
759 1653 834 1720 urbs
866 1651 901 1720 in
932 1653 1132 1722 Normannia
1164 1714 1167 1736 ,

171 1741 236 1808 sita
263 1747 329 1824 est,
359 1738 557 1823 aliquamdiu
584 1737 766 1810 demoratus
795 1737 1023 1806 monasterium
1049 1739 1129 1804 cele·

170 1825 341 1892 berrimum
372 1825 534 1892 Beccense
565 1823 674 1908 petiit,
709 1821 760 1888 cui
786 1821 959 1890 Herluinus
990 1823 1131 1908 praefuit

170 1912 298 1994 Abbas,
341 1909 434 1977 Prior
474 1915 582 1974 autem
616 1906 825 1974 Lanfrancus.
888 1907 992 1975 Huius
1026 1908 1129 1994 ipsius

169 1995 355 2064 scholastici
376 1995 496 2078 pietate
518 1993 639 2078 pariter
661 2013 703 2057 ac
721 1991 883 2077 sapientia
903 2001 935 2060 et
950 1993 1128 2060 eruditione

165 2079 358 2148 multimoda
390 2077 554 2163 conspicui
580 2075 682 2161 fama,
711 2097 794 2158 quae
815 2077 948 2146 clericos
968 2099 1010 2144 ex
1029 2081 1129 2148 omni·

169 2165 229 2233 hus
271 2164 372 2232 terme
413 2162 663 2230 occidentalibus
704 2161 798 2228 terris
833 2163 1128 2246 praestantissimos

168 2249 310 2333 undique
332 2248 458 2332 allexit,
491 2268 556 2315 non
578 2245 683 2332 potuit
703 2268 767 2314 non
788 2245 929 2332 efficere,
957 2256 993 2314 ut
1013 2249 1127 2316 Ansel-

168 2355 239 2402 mus
272 2355 310 2402 se
338 2335 407 2400 eius
434 2333 586 2400 subderet
610 2330 795 2416 magisterio
824 2334 994 2402 studiosus.
1046 2333 1128 2402 Cum

168 2439 277 2486 amore
297 2419 450 2486 vanitatis
475 2425 508 2483 et
528 2417 720 2483 insolentiae
739 2416 794 2482 diu
817 2418 1014 2485 conflictatus
1038 2425 1127 2484 etex

167 2504 349 2570 huiusmodi
363 2503 586 2570 vexationibus
601 2500 703 2569 victor
716 2521 876 2587 egressus,
891 2503 987 2570 Bccei
996 2505 1126 2572 XXVII

56 2659 59 2664 ,
101 2589 104 2592 ’
166 2607 269 2658 annos
290 2597 385 2655 natus
406 2587 628 2656 monachalem
648 2587 792 2654 habitum
815 2588 967 2656 assumsit
987 2587 1072 2655 hunc
1091 2589 1126 2656 in

127 2755 134 2762 ῃ
166 2674 272 2760 finem,
299 2681 334 2740 ut
356 2674 446 2740 Deus
468 2674 555 2739 solus
576 2692 636 2737 sua
656 2671 783 2755 requies
806 2680 838 2738 et
859 2674 1008 2758 intentio,
1036 2675 1124 2742 solus
1157 2733 1158 2736 ,

166 2781 257 2828 amor
282 2760 353 2824 cius
379 2757 605 2842 contemplatio
633 2777 707 2841 sua,
739 2758 836 2823 beata
856 2766 891 2826 et
910 2759 1042 2827 assidua
1060 2780 1124 2826 mc·

164 2847 270 2911 moria
300 2844 370 2909 eius
409 2843 488 2909 telin
525 2843 668 2908 solamen
699 2848 748 2908 et
768 2843 902 2910 satietas
934 2864 993 2910 sua
1024 2845 1125 2911 fieret

166 2929 282 2997 Tribus
312 2929 405 2994 annis
429 2928 587 3013 peractis,
615 2925 796 2994 Lanfranco
823 2927 1031 2996 (ladomensis
1054 2950 1123 2996 eoe-

163 3015 253 3096 ,nobii
275 3015 418 3098 regimen
440 3011 558 3098 adepto
577 3012 731 3079 suecessit
753 3011 786 3076 in
809 3015 912 3096 gradu
932 3013 1062 3096 Prioris,
1084 3035 1124 3080 ao

165 3099 315 3166 defuneto
342 3098 497 3166 Herluiuo
532 3118 561 3164 a.
591 3098 673 3163 1078
700 3097 843 3173 unanimi
870 3100 1019 3172 Fratrum
1050 3118 1123 3164 cou-

164 3203 262 3251 sensu
290 3185 400 3252 Abbas
427 3183 598 3250 Beeoeusis
626 3191 791 3267 promotus
816 3191 874 3250 est.
918 3184 1123 3251 Orationibus

163 3269 284 3356 vigiliis
306 3269 564 3336 meditationibus
590 3267 757 3352 insistens,
787 3270 978 3337 coelestibus
1008 3264 1123 3335 studiis

163 3356 312 3442 imbutus,
340 3355 505 3426 monachis
527 3352 709 3426 erudiendis
731 3351 941 3425 admonendis
964 3354 1123 3438 corrigen-
