2638 3818
424 311 502 370 oua
518 310 620 369 nnus
636 309 756 368 nono.
792 311 882 368 rie..
1057 313 1099 380 37

193 481 286 553 angeli
305 499 355 554 per
373 481 445 538 filios
461 481 549 537 Israel
569 486 598 538 et
613 481 679 536 iusti
698 481 823 537 homines
839 497 891 551 per
908 479 1022 551 angelos
1035 480 1099 536 Dei.

193 567 224 625 Si
241 568 306 624 boni
323 568 417 641 angeli
434 572 543 622 tantum
564 567 745 640 designantur
769 583 820 638 per
836 570 1000 637 utrumque,
1025 565 1100 622 idem
1116 571 1150 626 47

137 706 142 715 ,
181 659 235 708 est
251 654 329 726 ¹quod
346 654 371 708 si
395 653 485 708 solum
505 670 555 725 per
573 654 688 726 angelos
707 652 778 722 Dei3
802 652 827 706 si
852 668 918 706 vero
936 657 996 708 tota
1011 651 1099 708 eoele-

192 738 243 794 stis
260 739 367 808 civitas,
385 738 431 792 hio
449 744 492 794 est
507 755 616 809 sensus,
633 739 701 811 quia
716 744 775 793 tam
793 738 842 792 diu
859 743 1035 792 assumentur
1050 753 1101 809 po·

192 823 253 894 puli
279 824 298 878 i.
322 841 345 878 e.
369 823 560 879 multitudines
592 824 742 881 electorum
774 823 931 893 hominum,
961 828 1011 878 aut
1040 829 1099 878 tam

194 909 242 963 diu
264 914 347 964 erunt
370 909 467 980 populi
491 909 521 964 in
539 909 593 965 hoo
618 911 743 980 saeculo,
769 910 857 968 donoo
884 909 919 964 de
942 908 1100 965 hominibus

191 993 415 1066 praedestinatus
433 1013 562 1052 numerus
588 995 662 1050 illius
680 994 800 1051 civitatis
819 994 943 1050 nondum
958 994 1100 1066 perfectus

191 1079 370 1149 compleatur.
405 1080 460 1137 Sed
481 1100 538 1138 non
561 1081 643 1137 video
666 1096 752 1148 nuno,
776 1081 915 1152 quomodo
937 1080 989 1136 soli
1006 1080 1100 1153 angeli
1117 1079 1150 1132 48

192 1163 341 1220 autsimul
358 1165 452 1237 angeli
474 1172 504 1222 et
521 1165 645 1221 homines
671 1165 761 1220 sanati
784 1183 834 1237 per
860 1166 932 1222 filios
950 1166 1038 1222 Israel
1057 1167 1099 1221 in·

191 1250 370 1322 telligantur3
396 1257 508 1306 sanctos
533 1256 629 1306 autem
657 1251 781 1308 hominos
805 1251 879 1307 filios
901 1251 1002 1322 Israel,
1026 1252 1100 1307 siout

191 1335 264 1390 filios
281 1335 411 1393 Abrahae
428 1337 535 1406 vooari,
552 1354 609 1393 non
627 1343 670 1393 est
688 1338 819 1394 alienum.
849 1337 1016 1409 Quirangeli
1032 1354 1100 1409 quo·
1116 1335 1150 1388 49
1231 1326 1237 1340 “

192 1437 247 1493 que
264 1421 318 1477 Dei
334 1440 384 1493 per
401 1422 454 1477 hoo
472 1426 548 1476 reete
562 1427 679 1492 possunt
695 1423 803 1494 vocari,
829 1423 896 1494 quia
911 1424 997 1480 vitam
1013 1440 1100 1496 ange-

192 1506 274 1562 licam
298 1507 455 1576 imitantur,
480 1512 565 1578 atque
584 1507 737 1563 similitudo
753 1514 782 1563 et
807 1509 963 1580 aequalitas
985 1510 1100 1582 angelo·

192 1609 254 1646 rum
275 1592 329 1646 illis
354 1591 524 1663 promittitur
549 1592 579 1647 in
604 1593 696 1662 ooelo,
724 1598 753 1648 et
772 1594 840 1664 quia
857 1612 952 1650 omnes
968 1596 1042 1651 iuste
1059 1596 1099 1650 vi-

191 1685 287 1734 ventes
314 1678 408 1751 augeli
432 1676 488 1731 Dei
515 1683 588 1732 sunt
631 1677 715 1734 Unde
742 1678 797 1749 ipsi
819 1680 990 1735 confessores
1013 1686 1100 1752 atque
1115 1679 1150 1731 50

190 1766 357 1835 martyres1)
375 1763 517 1832 dicuntur3
543 1761 593 1834 qui
610 1761 685 1825 enim
702 1763 849 1820 confitetur
868 1771 896 1820 et
912 1768 1033 1819 testatur
1053 1781 1100 1820 ve·

190 1850 315 1918 ritatem,
348 1847 404 1902 Dei
429 1849 544 1904 nuntius
574 1848 593 1902 i.
626 1865 649 1903 o
679 1847 796 1919 angelus
827 1849 888 1905 eius
916 1854 966 1904 ost
1011 1849 1051 1904 Et
1077 1849 1101 1903 si

190 1934 283 1989 melus
302 1934 384 1989 homo
401 1934 504 1989 dieitur
522 1933 664 2004 diabolus;
688 1933 760 1989 siout
778 1934 814 1989 do
833 1935 905 1989 Iuda
922 1934 991 1990 dieit
1005 1933 1101 1990 Domi·

192 2037 244 2073 nus
251 2021 274 2088 ²)
292 2023 406 2090 propter
423 2018 633 2074 similitudinem
651 2018 787 2074 malitiae:
806 2037 856 2087 our
875 2037 931 2075 non
949 2020 1033 2076 etiam
1052 2019 1101 2074 bo·

192 2123 243 2158 nus
262 2104 345 2160 homo
363 2104 471 2159 dioetur
488 2105 605 2177 angelus
622 2111 735 2176 propter
756 2106 940 2161 imitationem
956 2104 1102 2162 iustitiae?

192 2189 285 2255 Quare
303 2207 459 2260 possumus,
477 2194 603 2261 utputo,
621 2191 727 2261 ditare,
744 2191 837 2248 Deum
854 2190 1031 2248 constituisse
1048 2187 1106 2246 terl
1119 2198 1150 2250 51

191 2277 282 2330 minos
304 2276 477 2346 populorum
503 2277 582 2330 iaoto
606 2293 750 2331 nemorum
777 2277 927 2334 eloetomm
950 2277 1102 2347 hominum,

194 2361 261 2432 qaia
282 2360 390 2416 tamdiu
411 2364 493 2416 erunt
516 2359 613 2431 populi
634 2367 664 2416 et
685 2362 738 2418 erit
763 2362 793 2416 in
815 2361 868 2416 hoo
891 2361 996 2417 mundo
1013 2362 1101 2417 homi-

191 2463 259 2500 num
288 2445 458 2517 procreatio,
491 2445 580 2500 donee
610 2461 741 2501 numerus
772 2445 923 2502 eorundem
951 2446 1103 2502 electorum

193 2531 334 2588 hominum
352 2532 538 2603 eompleatur3
563 2536 592 2586 et
615 2549 649 2588 eo
665 2531 802 2602 completo
821 2531 944 2587 domabit
959 2532 1101 2589 hominum

193 2619 349 2688 genoratio,
374 2633 445 2690 quae
462 2617 496 2672 iit
512 2617 542 2673 in
554 2616 614 2672 hae
630 2617 697 2673 vita
731 2615 772 2672 lt
792 2617 817 2672 si
840 2634 892 2688 per
916 2620 1030 2692 angelos
1047 2619 1102 2674 Dei
1120 2619 1152 2671 52

194 2700 375 2773 intelligimus
400 2708 511 2758 sanctos
534 2702 648 2776 angelos
671 2708 780 2758 tantum
800 2709 829 2759 et
849 2719 901 2774 per
923 2703 996 2759 filios
1014 2702 1102 2759 Israel

192 2788 383 2842 tantummodo
402 2787 489 2842 iustos
507 2787 644 2858 homines,
669 2788 778 2845 duobus
796 2787 886 2844 modis
903 2788 1024 2861 intelligi
1040 2793 1102 2860 pot·

193 2877 249 2940 ost,
272 2871 340 2942 quia
362 2874 504 2928 commati
520 2875 599 2928 Deua
619 2875 751 2930 tonniooa
763 2875 936 2945 papolenus
953 2875 1034 2927 iaetu
1051 2890 1102 2926 aa·

191 2973 298 3012 mmm
322 2959 485 3031 angelorum
504 2959 575 3014 Dei:
607 2964 658 3013 aut
680 2959 747 3030 quia
771 2965 866 3015 tantus
888 2957 1010 3030 populus
1033 2957 1051 3012 i
1076 2975 1102 3013 e.

191 3046 235 3098 tot
256 3041 381 3100 homines
407 3050 582 3100 assumentur
610 3050 679 3116 quot
707 3050 772 3100 sunt
798 3043 886 3100 saneti
915 3041 1009 3114 angeli
1037 3041 1101 3110 Dei,

263 3203 858 3290 mmmmmm.
1077 3295 1085 3314 ‚

190 3305 290 3430 ἐρωῇ
319 3300 377 3356 Cir.
404 3301 500 3358 Ioauu.
529 3309 558 3372 6,
585 3307 633 3358 7οτ
670 3301 718 3370 „di
754 3299 836 3374 ὑμῶν
865 3293 904 3362 εἷς
934 3297 1105 3369 &tristatos
