2638 3818
401 260 478 320 uult
495 259 598 317 DEUS
614 255 732 314 HOMO.
767 258 790 314 1.
809 265 850 317 24.
867 263 908 318 25.
1046 261 1090 326 49

185 431 294 488 cordam
312 438 355 488 est
371 431 557 504 'impossibile
592 433 660 485 Bos.
691 429 785 485 Aliam
803 430 858 486 Dei
874 430 1103 488 misericordiam

184 517 264 574 rideo
283 533 344 574 esse
363 515 561 588 quaerendam,
577 532 660 586 quam
677 514 767 571 istam.
803 517 871 570 Aac.
894 515 1000 571 Verum
1016 521 1090 572 esto:
1109 513 1141 565 18

185 603 299 659 dimittit
316 604 394 658 Dens
412 599 446 667 ei,
464 600 512 671 qui
531 616 586 654 non
604 601 687 656 solvit
704 601 779 672 quod
797 601 889 669 debet,
907 599 1011 655 idcirco
1023 615 1089 670 quo·

183 689 259 744 niam
283 707 340 744 non
366 688 468 758 potest.
504 685 570 741 Bos.
599 685 645 740 Ita
660 685 769 742 vellem.
804 687 873 740 Aur.
901 684 941 740 At
958 685 1090 756 quamdiu
1109 686 1141 740 19

183 792 240 830 non
265 773 378 840 reddet,
404 777 453 825 aut
477 771 551 826 volet
576 770 693 826 reddere
721 777 771 826 aut
792 789 849 826 non
874 772 956 827 volet
993 770 1048 826 Sed
1066 771 1104 824 si:

182 862 258 916 volet
272 857 348 929 quod
360 874 415 911 non
425 855 533 927 poterit,
546 855 674 928 indigens
688 857 754 928 erit3
772 858 872 914 sivero
884 875 940 914 non
952 857 1035 924 volet,
1049 855 1090 911 in-

182 947 274 1000 iustus
289 943 349 998 erit.
374 945 442 995 Bos.
452 941 514 996 Hoc
526 941 597 996 nihil
611 943 719 998 clarius.
748 945 819 998 Aur.
837 945 902 1001 Sive
913 949 1007 1000 sutem
1018 940 1090 996 iudi·

183 1047 254 1104 gens
275 1028 333 1083 sive
346 1026 462 1084 iniustus
475 1028 519 1097 sit,
537 1028 639 1082 beatus
654 1028 780 1083 nouerit
809 1031 878 1084 Bos.
895 1030 933 1084 Et
946 1030 999 1084 hoc
1012 1045 1089 1100 aper·

183 1123 252 1172 tum.
270 1115 338 1168 Ans.
354 1113 492 1178 Quamdiu
503 1129 569 1184 ergo
582 1127 638 1166 non
648 1112 754 1180 reddet,
769 1112 868 1168 beatus
880 1132 940 1171 esse
950 1120 1091 1186 nonpote
1108 1107 1143 1158 2⁰

183 1199 229 1254 rit
258 1199 325 1252 Bos.
346 1197 375 1254 Si
385 1199 519 1254 rationem
532 1201 664 1268 sequatur
674 1198 753 1253 Deus
763 1198 894 1269 iustitiae,
913 1217 970 1254 non
982 1207 1092 1271 estque

185 1283 288 1340 evadat
297 1283 377 1339 miser
388 1283 544 1354 homuncio,
562 1289 591 1338 et
604 1283 792 1340 misericordia
802 1284 857 1339 Dei
869 1285 961 1356 perire
973 1286 1092 1340 ridetur.

185 1370 256 1424 Ans.
274 1369 417 1426 Rationem
430 1369 589 1442 postulasti,
605 1369 742 1426 rationem
753 1369 866 1441 accipe3
885 1370 1090 1426 misericordem
1108 1367 1139 1418 21

185 1455 277 1510 Deum
301 1472 361 1510 esse
384 1473 440 1511 non
463 1471 549 1526 nego,
573 1455 621 1525 qui
643 1455 768 1510 homines
795 1461 823 1511 et
846 1456 971 1512 iumenta
995 1456 1091 1525 salvat,

185 1541 416 1614 quemadmodum
440 1539 640 1610 multiplicavit
664 1541 883 1597 misericordiam
907 1559 993 1598 suam.
1034 1542 1092 1599 Nos
1110 1539 1145 1591 22

185 1632 277 1682 autem
304 1625 445 1698 loquimur
470 1625 506 1679 de
531 1623 581 1678 ills
606 1624 706 1680 ultima
725 1626 928 1694 misericordia,
954 1643 1011 1697 qua
1028 1631 1095 1696 post

102 1721 108 1730 '
184 1713 359 1769 hemeritam
385 1711 499 1766 beatum
525 1709 594 1764 facit
615 1709 767 1780 hominem3
794 1711 867 1766 hanc
892 1709 1093 1766 beatitudinem

182 1799 253 1855 nulli
273 1798 334 1852 dari
354 1795 457 1851 debere
477 1793 531 1848 nisi
548 1794 602 1864 illi,
622 1795 668 1870 cui
684 1795 795 1866 penitus
816 1795 931 1850 dimissa
948 1799 1013 1848 sunt
1029 1809 1094 1863 poo-

183 1890 259 1954 cata,
291 1898 344 1936 nec
370 1880 444 1935 hanc
475 1879 663 1936 dimissionem
689 1880 749 1936 ficri
773 1881 828 1935 nisi
854 1879 948 1935 debito
974 1878 1093 1947 reddito,

183 1970 259 2042 quod
296 1966 415 2022 debetur
449 1982 500 2034 pro
540 1973 654 2036 peccato
692 1968 845 2022 secundum
873 1963 1093 2035 magnitudinem

182 2055 308 2128 peccati,
338 2066 424 2122 supra
448 2051 546 2120 positis
575 2051 730 2108 rationibus
756 2058 849 2126 puto
851 2063 895 2106 me
924 2047 1093 2104 sufficienter

183 2137 345 2197 ostendisse.
382 2134 489 2199 Quibus
511 2136 535 2189 si
553 2137 622 2208 quid
638 2137 691 2194 tibi
710 2139 821 2194 videtur
839 2153 924 2209 posse
938 2134 1092 2191 rationibus
1112 2127 1147 2180 23

183 2225 282 2288 obiici,
311 2222 404 2276 dicere
421 2218 515 2274 debes.
552 2221 620 2276 Bos.
653 2223 715 2294 Ego
737 2223 835 2294 utique
860 2221 966 2276 nullam
983 2228 1094 2275 tuarum

184 2311 323 2365 rationum
340 2305 516 2376 aliquatenus
534 2303 667 2360 infirmari
686 2325 768 2378 posse
784 2307 872 2363 video.
908 2308 978 2360 Aes.
996 2307 1094 2377 Neque
1112 2301 1147 2353 24

187 2411 248 2466 ego,
265 2396 288 2449 si
306 2393 379 2448 bene
398 2392 621 2458 considerentur,
643 2392 783 2461 existim03
801 2397 991 2448 verumtamen
1009 2391 1033 2444 si
1049 2390 1095 2445 vel

185 2497 244 2534 uua
269 2480 304 2535 de
331 2476 459 2534 omnibus
482 2494 552 2547 quas
578 2479 659 2549 posui
681 2474 892 2547 inexpugnabili
912 2475 1029 2533 veritate
1051 2493 1094 2532 ro-

186 2564 308 2634 boratur,
327 2561 455 2620 sufficere
474 2562 564 2618 debet.
594 2563 663 2620 Sive
675 2579 796 2633 namque
815 2579 871 2616 uno
891 2562 949 2618 sive
967 2562 1094 2632 pluribus

187 2649 357 2720 argumentis
381 2649 484 2704 veritas
507 2647 760 2718 inexpugnabiliter
785 2653 966 2718 monstretur,
994 2665 1096 2720 aequa-

186 2733 251 2788 liter
269 2733 305 2788 ab
324 2734 398 2790 omni
417 2732 591 2788 dubitatione
611 2733 777 2790 defenditur.

265 2835 335 2922 25·
385 2875 453 2926 Bos.
483 2870 557 2926 Ecce
567 2871 586 2937 ¹)
607 2870 648 2924 ita
667 2877 717 2926 est.
753 2871 897 2936 Quomodo
921 2885 986 2940 ergo
1001 2867 1126 2921 salvus!

186 2953 238 3008 erit
256 2953 355 3024 homo,
382 2957 405 3010 ri
424 2957 485 3027 ipse
502 2973 554 3011 nec
572 2955 655 3009 solvit
672 2955 746 3027 quod
765 2956 855 3025 debet,
882 2970 934 3009 nee
952 2952 1054 3006 salvari
1071 2952 1095 3007 ei

185 3054 242 3090 non
261 3036 345 3090 solvit
371 3039 474 3097 debet?
500 3046 549 3096 aut
570 3057 626 3111 qua
648 3041 740 3097 fronte
763 3057 932 3107 asseremus,
954 3037 1045 3093 Deum
1064 3037 1094 3093 in

185 3122 375 3177 misericordia
399 3125 511 3182 divitem
534 3143 617 3196 super
625 3129 646 3196 ²)
667 3125 817 3180 humanum
835 3123 1005 3180 intellectum
1021 3123 1095 3180 hanc

257 3264 281 3329 1)
299 3260 335 3314 Ιιι
352 3261 434 3317 Mser.
451 3262 523 3317 hic
514 3268 614 3318 mcrrt
632 3278 656 3318 c
677 3267 718 3318 25.

255 3329 522 3402 ildepraAabc
541 3281 666 3388 Biora

922 3420 939 3470 4

446 3537 453 3567 l
