2638 3818
222 305 267 370 24
405 303 433 360 S.
449 303 618 362 artem
636 301 943 364 carmeniensis

225 471 300 528 enim
318 473 379 528 vult
395 474 472 530 Deus
490 476 522 528 ut
533 474 627 544 pluat,
644 472 748 529 iustum
766 479 809 529 est
826 478 859 528 ut
869 473 963 544 pirata
982 478 1010 527 et
1026 473 1051 526 ai
1066 473 1128 528 vult

224 562 259 611 ut
286 557 386 630 aliquis
414 559 497 614 homo
528 558 683 628 occidatur,
714 559 818 613 iustum
847 566 890 615 est
916 565 950 612 ut
977 557 1129 614 occidatur.

95 629 104 646 “
175 643 208 694 20
222 640 402 715 Quapropter
418 644 443 698 si
470 663 526 701 non
547 645 628 700 decet
644 644 735 700 Deum
756 646 864 718 aliquid
889 644 990 702 iniuste
1017 648 1067 698 aut
1087 643 1129 696 in·

225 728 352 785 ordinate
380 729 488 800 faeere,
517 748 574 785 non
604 731 725 802 pertinet
745 731 782 784 ad
809 732 868 786 eius
892 732 1050 788 libertatem
1079 737 1130 786 sut

226 813 427 886 benignitatem
452 821 502 868 aut
521 815 706 885 voluntatem,
731 823 909 886 peccantem,
937 818 985 888 qui
1002 834 1058 872 non
1076 817 1129 870 sol·

175 901 206 952 21
225 899 266 954 uit
282 901 344 956 Deo
363 901 438 971 quod
454 899 576 964 abstulit,
594 899 760 971 impunitum
772 899 915 958 dimittere.
943 904 1011 956 Bor.
1030 901 1130 958 Omnia

225 984 293 1040 milri
309 984 411 1054 aufers,
430 1001 503 1057 quae
520 985 723 1056 putabsmtibi
739 1003 820 1056 posse
839 986 930 1042 obiici.
966 989 1037 1042 Ans.
1055 987 1128 1043 Vide

225 1069 327 1138 adhuc,
344 1086 394 1124 cur
410 1071 502 1126 Deum
522 1086 577 1124 non
596 1070 692 1126 decem
708 1072 760 1127 hoc
777 1071 888 1127 tacere?
923 1075 991 1128 Bos.
1027 1073 1130 1128 Liben-

226 1159 270 1209 ter
286 1157 412 1212 ausculto
430 1157 568 1230 quidquid
588 1155 667 1212 dicis.

196 1360 207 1410 ¹
306 1345 373 1432 l3·
421 1381 490 1434 Ans.
525 1377 602 1435 Nihil
617 1376 707 1432 minus
732 1378 908 1434 tolerandum
928 1383 970 1433 est
989 1379 1018 1433 in
1036 1395 1127 1434 rerum

174 1515 176 1524 ,
227 1460 337 1531 ordine,
367 1480 451 1534 quam
480 1468 513 1518 ut
543 1469 670 1518 creatura
699 1461 817 1516 creatori
847 1462 971 1518 debitum
1001 1463 1132 1520 honorem

227 1545 348 1616 aruerat,
376 1554 404 1602 et
429 1567 484 1604 non
510 1549 599 1605 solvat
624 1548 700 1620 quod
729 1548 826 1602 aufert.
874 1551 939 1605 Bos.
974 1549 1036 1604 Hoc
1062 1550 1131 1604 nihil
1159 1601 1162 1608 .

193 1623 338 1688 helarius
372 1634 442 1688 Aee.
461 1634 538 1690 Nihil
558 1640 650 1688 autem
669 1632 796 1688 iniustius
813 1633 955 1703 toleratur,
975 1653 1058 1707 quarn
1077 1653 1132 1708 quo
1152 1630 1157 1638 ’

229 1717 298 1772 nihil
321 1718 412 1774 minus
437 1726 479 1776 est
505 1719 687 1776 tolerandum.
721 1720 791 1774 Bos.
817 1719 916 1791 Neque
941 1719 995 1776 hoc
1019 1728 1062 1776 est
1084 1722 1132 1776 ob·

194 1807 349 1858 3scurum.
384 1806 455 1862 Ans.
486 1805 559 1859 Puto
577 1822 652 1875 ergo,
669 1803 736 1875 quia
755 1821 810 1860 non
829 1805 903 1860 dices
922 1805 1014 1880 Deum
1033 1806 1133 1862 debere

229 1889 359 1957 tolerare,
386 1907 452 1967 ,quo
480 1889 550 1945 nihil
581 1888 709 1944 iniustius
739 1889 886 1959 toleratur,
916 1896 949 1944 ut
977 1893 1131 1958 creatura1)

228 1991 285 2028 non
311 1975 412 2030 reddat
436 1975 498 2030 Deo
526 1972 602 2044 quod
628 1969 727 2027 aufert.
767 1977 835 2028 Boe.
869 1974 929 2029 Imo
952 1975 1062 2046 penitus
1086 1991 1133 2030 ne·

194 2059 354 2130 lgandum
372 2076 431 2114 esse
448 2060 536 2114 video.
572 2060 642 2110 Ans.
677 2055 747 2111 Item
772 2059 796 2140 si
812 2058 874 2115 Deo
891 2059 960 2114 nihil
976 2057 1066 2134 maius
1085 2066 1134 2114 aut

231 2145 329 2198 melius
348 2149 404 2212 est3
430 2143 500 2200 nihil
518 2142 626 2210 iustius,
647 2157 729 2212 quam
747 2159 819 2212 quae
836 2143 968 2199 honorem
986 2145 1059 2199 illiue
1079 2162 1134 2201 ser·

231 2233 280 2283 vat
298 2229 327 2282 in
343 2245 435 2284 rerum
454 2227 648 2300 dispositione,
667 2244 774 2281 summa
790 2229 910 2297 iustitis,
930 2247 1000 2300 quae
1018 2247 1074 2284 non
1092 2237 1134 2286 est

118 2356 121 2362 ,
231 2315 307 2384 aliud
335 2332 418 2386 quam
445 2315 505 2386 ipse
526 2312 614 2369 Deus.
636 2313 717 2368 ,Boa
751 2311 813 2366 Hoc
837 2330 946 2384 quoque
966 2315 1037 2370 nihil
1056 2335 1134 2389 aper-

195 2401 293 2456 ttius.
349 2401 417 2454 Ana
458 2398 535 2456 Nihil
570 2415 636 2469 ergo
671 2403 764 2451 semet
799 2395 876 2453 Deus
915 2398 1013 2456 iustius
1050 2419 1134 2473 quam

231 2501 297 2540 suae
320 2484 464 2556 dignitatis
487 2484 625 2539 honorem.
661 2485 728 2537 Bos.
765 2481 923 2542 concedere
948 2503 992 2542 me
1017 2491 1133 2557 oportet

197 2572 213 2623 6
231 2571 300 2624 Ans.
335 2569 454 2625 Videtur
469 2570 530 2638 tibi,
555 2568 630 2639 quod
648 2586 710 2623 eum
732 2570 838 2642 integre
860 2577 964 2638 servet,
989 2569 1012 2624 si
1028 2570 1068 2624 eie
1086 2587 1133 2624 nu·

231 2653 299 2709 feni
323 2653 377 2709 sibi
403 2655 552 2725 permittit,
579 2660 611 2708 ut
633 2670 684 2708 nec
712 2654 835 2710 solvatur
856 2672 908 2710 nec
931 2654 992 2724 ipse
1009 2654 1134 2710 auferen-

198 2744 287 2796 rtem
309 2733 428 2811 puniat?
469 2743 536 2794 Boe.
571 2738 635 2796 Non
660 2740 749 2795 audeo
772 2741 871 2795 dicere
906 2740 978 2796 Ans.
1012 2740 1134 2795 Necesse

231 2832 274 2881 est
304 2842 384 2898 crgo,
420 2829 453 2880 ut
484 2831 533 2881 aut
561 2824 671 2880 ablatus
701 2824 788 2880 honor
816 2822 940 2878 solvatur
967 2831 1016 2879 aut
1044 2840 1134 2896 poena

231 2916 378 2981 aequatur3
416 2910 541 2982 alioquin
579 2917 627 2964 aut
660 2907 714 2965 sibi
748 2909 803 2980 ipsi
837 2907 914 2963 Deus
949 2909 1039 2966 iustus
1078 2927 1134 2965 non

231 2996 285 3050 erit
312 3002 363 3050 aut
391 2997 429 3051 ad
454 3003 602 3067 utrumque
629 2995 764 3066 impotens
793 2994 860 3050 erit:
891 2994 965 3064 quod
988 2994 1067 3050 nefas
1092 2999 1135 3050 est

230 3080 274 3136 vel
302 3080 433 3152 cogitare.
481 3085 548 3134 Bos.
583 3079 660 3138 Nihil
688 3078 882 3135 rationabilius
909 3079 965 3134 dici
988 3097 1071 3151 posse
1094 3080 1135 3134 in·

229 3165 336 3236 telligo.

525 3297 654 3306 ...ι-,-

224 3321 228 3331 ¹
279 3345 282 3350 Α
303 3368 331 3434 1)
353 3375 384 3420 at
400 3369 477 3436 qaod
494 3365 642 3439 ereatura]
668 3367 777 3423 nabe
793 3367 893 3425 1301>
913 3368 1001 3426 omitt.
1020 3365 1136 3437 „qteodss
