2638 3818
219 322 267 390 84
409 273 627 380 andnemi
642 321 949 383 cmwsemsals

217 495 361 562 Quoniam
381 494 553 550 voluntatem
575 491 648 548 hano
667 492 726 548 soio
748 512 792 550 me
816 511 929 566 gerere,
954 495 1030 566 quod
1053 494 1126 566 petis

221 599 281 638 non
298 581 421 653 deneg03
446 577 496 635 sed
518 576 585 650 quia
603 576 755 634 defuturis
773 580 894 636 insertus
907 598 989 649 sum,
1011 580 1126 652 promit·

174 673 283 727 setene
306 685 363 723 non
388 665 478 721 aadeo
501 664 551 720 sed
577 661 633 718 Dei
655 662 831 732 dispositioni
855 664 1032 726 sonnisse
1069 665 1126 721 Sed

225 754 270 810 die
295 771 382 821 nune,
408 749 476 822 quid
505 748 559 804 tibi
587 749 622 804 de
649 749 810 824 quaestione
836 767 919 822 quam
943 750 973 804 in
990 749 1127 822 prinoipio

216 837 405 912 proposuisti,
432 840 547 906 propter
571 849 659 904 qaam
686 832 759 888 aiiae
774 819 879 892 multae
896 853 927 891 se
943 836 1126 908 ingesserunt,

167 925 207 979 di
220 923 435 998 persolvendum
458 919 593 974 rideatur.
630 922 698 974 Bos.
733 919 847 975 Summa
870 921 1040 992 quaestionis
1063 921 1126 991 suit,

217 1025 273 1064 eur
291 1008 369 1062 Deus
385 1003 467 1059 homo
485 1003 576 1061 essu
593 1004 643 1075 sit,
660 1009 693 1059 ut
709 1021 760 1076 per
778 1011 893 1062 mortem
912 1023 990 1062 susm
1007 1009 1128 1064 salvaret

222 1092 375 1159 hominem,
398 1107 462 1146 oum
484 1088 538 1144 hoe
562 1089 618 1145 alio
642 1091 725 1145 modo
742 1090 866 1161 potuisse
881 1090 974 1148 faeere
991 1091 1125 1148 videatur.

173 1179 205 1232 et
222 1178 271 1232 Ad
288 1193 372 1250 quam
390 1182 423 1232 tu
441 1175 535 1230 multis
561 1179 590 1230 et
605 1175 768 1230 necessariis
785 1174 938 1232 rationibus
955 1178 1126 1247 mspondens

223 1261 368 1318 ostendisti
406 1260 636 1316 restaurationem
668 1260 804 1317 humanae
840 1266 959 1316 naturae
989 1280 1045 1317 non
1078 1263 1126 1318 de·

221 1348 315 1405 baisse
337 1363 480 1403 remanem
501 1363 553 1402 nee
576 1347 699 1418 potuisse
725 1347 799 1418 fieri,
824 1345 879 1402 nisi
902 1345 1021 1406 solveret
1042 1346 1125 1403 homo

223 1435 298 1506 qaod
320 1449 371 1504 pro
394 1438 508 1503 pemmo
529 1433 591 1489 Deo
615 1431 749 1503 debebat3
774 1433 851 1504 quod
872 1430 997 1488 debitum
1016 1438 1126 1488 tantum

222 1526 297 1588 erat,
315 1524 347 1573 ut
364 1517 449 1586 illud,
467 1533 530 1572 oum
547 1535 603 1573 non
619 1517 734 1572 deberat
750 1517 858 1572 solvere
874 1516 928 1572 nisi
947 1517 1042 1588 homo,
1068 1537 1126 1574 non

14 1677 15 1686 χ
220 1610 317 1676 posset
340 1603 394 1658 nisi
412 1602 505 1672 Deus3
529 1601 569 1660 its
590 1609 623 1658 nt
644 1602 808 1659 idemesset
826 1602 976 1674 homoqui
994 1611 1023 1660 et
1038 1604 1125 1669 Deus.
1218 1675 1221 1680 Ι

55 1735 60 1750 .
173 1695 206 1748 38
222 1689 305 1747 Unde
327 1705 440 1746 neeesse
463 1694 524 1743 erat
544 1693 578 1743 ut
593 1687 670 1744 Deus
693 1693 845 1743 assumeret
863 1687 1003 1746 hominem
1019 1689 1049 1744 in
1065 1690 1126 1744 uni-

221 1780 308 1831 tatem
325 1789 472 1845 personae,
498 1780 634 1845 quatenus
652 1773 701 1845 qui
718 1772 747 1828 in
764 1780 865 1828 natura
881 1760 987 1830 solvere
1005 1775 1126 1831 debebat

46 1871 53 1888 s
138 1885 143 1894 ·
171 1868 206 1921 39
223 1864 252 1915 et
270 1875 326 1914 non
349 1863 473 1929 poterat,
494 1859 523 1912 in
545 1875 665 1928 persona
682 1863 755 1914 esset
773 1875 844 1929 quse
860 1867 962 1929 posset.
996 1861 1127 1932 Denique

223 1943 290 2015 quia
311 1944 348 1999 de
364 1943 482 2015 Virgine
506 1949 534 1999 et
557 1961 576 1999 a
597 1961 715 2015 persona
732 1943 797 1998 Filii
814 1944 869 2000 Dei
893 1953 967 2002 esset
986 1964 1125 2003 assumen-

222 2029 275 2083 dus
298 2028 464 2098 homoide,
488 2029 536 2099 qui
560 2028 637 2084 Deus
663 2035 751 2098 esset3
778 2034 805 2085 et
825 2031 963 2099 quomodo
985 2033 1044 2089 sine
1061 2050 1126 2104 pee⁴

222 2118 285 2168 oato
312 2114 347 2170 de
374 2131 466 2168 massa
491 2114 647 2184 peceatrice
672 2113 776 2168 assumi
792 2115 930 2186 potuerit,
957 2117 1125 2174 monstrasti.

170 2197 318 2258 sevisum
344 2202 437 2254 autem
459 2197 541 2254 huius
566 2197 685 2255 hominis
711 2207 769 2255 tam
787 2201 933 2258 sublimem
949 2209 1007 2258 tam
1023 2202 1125 2274 pretio·

222 2301 282 2340 sam
306 2283 476 2356 apertissime
499 2285 637 2358 probasti,
662 2291 694 2341 ut
716 2285 844 2343 sufficere
859 2289 948 2358 possit
964 2289 1001 2342 ad
1018 2288 1125 2343 solven-

223 2371 289 2444 durn
316 2370 392 2441 quod
414 2387 466 2442 pro
490 2371 612 2442 peccetis
636 2371 721 2426 totius
742 2372 839 2427 mundi
861 2373 990 2442 debetur,
1014 2379 1042 2427 et
1060 2373 1124 2443 plus

222 2456 252 2510 in
269 2454 415 2512 infinitum.
452 2456 550 2512 Restat
568 2473 634 2528 ergo
657 2474 732 2512 nune
750 2459 903 2529 ostendere,
923 2459 1060 2529 quomodo
1075 2459 1125 2516 ills

221 2539 343 2595 solvatur
360 2541 421 2597 Deo
439 2559 489 2612 pro
507 2543 630 2613 peccatis
647 2541 796 2600 hominum
894 2543 898 2548 ’

293 2919 317 2984 t)
341 2914 513 2971 Retraetavit
534 2915 606 2972 hane
630 2917 775 2972 materiam
799 2917 825 2974 S.
843 2913 994 2972 Anselmus
1011 2919 1122 2976 biennio

220 2984 306 3041 ferme
322 2990 387 3056 post
404 2984 433 3039 in
450 2983 530 3054 libro,
548 3001 630 3067 quem
648 2991 701 3058 „de
719 2995 850 3056 coempta
866 2987 1004 3055 oirpinala'
1023 2997 1049 3042 et
1067 2991 1123 3042 ori-

220 3055 314 3123 pinali
349 3061 458 3108 eeeoto“
482 3053 645 3125 insumptum
671 3057 707 3111 ad
729 3056 865 3111 Bosonem
887 3055 986 3112 direxit
1006 3057 1122 3125 (Gerbe-

220 3141 274 3176 roo
293 3073 347 3180 soff
360 3129 392 3179 97
414 3123 478 3195 sq.),
506 3129 534 3179 et
577 3124 670 3180 uidem
700 3125 741 3179 ita
788 3130 820 3178 ut
846 3124 938 3180 Deum
964 3127 1124 3182 monstrarit

220 3191 303 3254 etiam
327 3192 361 3248 de
384 3191 545 3273 peccatricis
595 3193 692 3265 irginis
715 3165 882 3264 substantia,
909 3195 1040 3266 quoniam
1057 3213 1122 3250 nus-

220 3277 303 3330 quam
328 3262 414 3315 sitm
435 3262 552 3319 hominis
577 3267 678 3317 natura
699 3270 809 3344 praeter
833 3265 1005 3318 voluntatem
1024 3281 1121 3335 pecea-

128 3385 131 3390 ,
201 3335 287 3397 tum,
303 3330 408 3409 prolem
428 3329 556 3387 debuisse
574 3332 689 3401 iustam,
706 3344 760 3386 imo
780 3349 837 3388 non
853 3333 908 3388 nisi
926 3333 1041 3404 iustam,
1059 3350 1122 3404 pro·

218 3404 368 3470 pagatrone
384 3415 440 3452 non
458 3400 579 3456 natruali
595 3403 755 3472 producere.
823 3447 830 3461 .
