2638 3818
397 312 474 370 cua
490 310 593 376 DEUS
612 309 730 368 nouo.
766 311 911 372 1.1a1a
1062 309 1104 376 39

199 502 325 556 possum
352 486 402 540 sed
427 501 539 539 mnsam
565 496 659 540 eornm
681 481 721 537 ita
746 481 870 552 cogitare
885 495 1008 551 nequeo,
1031 480 1104 538 sicut
1185 503 1188 509 ·

197 570 347 628 falsitatem
364 587 421 625 non
445 585 558 638 possum
580 567 737 640 intelligere
760 566 905 622 veritatem
929 582 998 621 esse.
1032 567 1101 620 Ans.
1122 570 1138 622 6

198 656 260 714 Non
274 657 358 712 decet
381 670 447 724 ergo
467 653 570 722 Deum,
592 653 731 708 hominem
755 657 916 722 peccantem
938 650 999 707 sine
1024 651 1103 717 satis

198 742 318 798 motione
345 740 383 794 ad
409 739 635 795 restaurationem
659 737 823 810 angelorum
849 751 990 792 assumere
1011 736 1102 806 perdi·
1153 768 1160 777 =

197 836 302 896 torum3
321 824 452 897 quoniam
469 843 524 880 non
542 825 648 896 patiturr
659 824 762 880 veritas
775 841 839 879 eum
856 822 942 878 levari
953 821 991 876 ad
1001 837 1104 893 aequa·

196 915 306 970 litatem
323 911 474 970 beatorum.
484 913 504 977 ¹)
539 912 607 964 Bos.
625 910 671 966 Sic
688 909 810 978 ostendit
827 910 907 966 ratio.
942 910 1012 967 Aa.
1034 907 1137 964 Oen-7

199 1001 293 1057 sidera
312 997 395 1052 etiam
412 997 441 1050 in
460 995 519 1051 solo
535 995 647 1051 homine
665 994 723 1050 sine
740 994 794 1050 hoo
813 996 908 1067 quia²)
925 993 1009 1052 debat
1020 1011 1104 1066 ange

197 1085 233 1140 lis
252 1083 374 1154 aequari,
392 1089 484 1138 utrum
501 1099 564 1138 eum
581 1081 675 1136 taliter
686 1080 764 1136 Deus
782 1081 819 1136 ad
842 1081 1045 1140 beatitudiuem
1063 1079 1105 1134 nl,-

198 1167 257 1222 lam
282 1166 327 1222 vel
342 1167 437 1238 talem,
463 1168 575 1239 qualem
591 1166 714 1222 habebat
731 1172 881 1238 antequam
897 1173 1037 1236 peccaret,
1059 1167 1105 1222 de·

199 1253 266 1308 beat
289 1252 458 1323 provehere?
505 1256 574 1308 Boe.
609 1253 663 1308 Dic
687 1258 719 1308 tn
745 1252 820 1324 quod
849 1251 971 1322 cogitas,
997 1258 1026 1322 et
1052 1269 1104 1324 ego

199 1338 380 1395 considerabo
400 1345 484 1410 prout
505 1343 610 1408 potero.
646 1341 716 1393 Aac.
751 1337 891 1396 Ponamus
917 1335 1032 1393 divitem
1055 1337 1142 1393 ali-8

200 1441 281 1496 quem
299 1424 328 1479 in
345 1443 430 1480 manu
449 1431 543 1480 tenere
560 1423 741 1494 margaritam
757 1425 915 1494 pretiosam,
934 1440 1018 1495 quam
1035 1440 1105 1478 nun-

200 1526 282 1581 quam
306 1511 425 1580 pollutio
448 1510 507 1564 ulla
529 1509 623 1581 tetigit
648 1525 787 1580 quamque
810 1509 904 1564 nullus
928 1509 999 1565 alius
1018 1509 1106 1580 possit

199 1611 324 1651 amovere
352 1595 387 1651 de
414 1613 498 1655 manu
523 1596 582 1652 eius
606 1594 660 1650 nisi
684 1594 746 1664 ipso
773 1595 964 1666 permittente3
991 1602 1020 1651 ct
1043 1612 1106 1651 cam

199 1680 328 1752 disponat
353 1680 503 1736 recondere
525 1679 555 1734 in
576 1680 737 1738 thesauram
761 1697 855 1749 suum,
879 1680 930 1736 ubi
954 1688 1020 1735 sunt
1041 1681 1106 1736 cim·

196 1767 307 1822 rissima
328 1773 357 1822 et
376 1765 575 1836 pretiosissima
592 1783 665 1836 quae
681 1765 814 1837 possidet.
848 1768 918 1820 Bos.
936 1763 1036 1835 Cogito
1052 1765 1106 1820 hoo
1141 1786 1145 1792 ⁴

196 1853 275 1908 velut
292 1858 357 1908 ante
379 1869 437 1908 nos.
472 1853 542 1906 Arra.
578 1851 666 1921 Quid,
693 1854 716 1906 si
739 1852 798 1923 ipsa
822 1853 968 1922 permittat
988 1853 1140 1910 eandem9

196 1938 376 2009 margaritam
403 1936 440 1993 ab
459 1938 553 2010 aliquo
584 1938 679 1994 invido
705 1936 796 1994 excuti
824 1938 860 1993 de
890 1955 975 1993 manu
999 1955 1052 1994 sna
1076 1939 1106 1996 in

197 2039 329 2093 coenum,
360 2040 425 2078 cum
455 2022 604 2093 prohibere
630 2022 761 2094 possit;²)
789 2038 823 2080 ao
854 2029 951 2095 postea
981 2041 1043 2081 eam
1070 2024 1106 2080 da

197 2126 284 2165 eosno
308 2125 418 2163 samem
436 2106 572 2176 pollutam
595 2112 624 2165 et
646 2125 702 2164 non
724 2109 810 2166 lotam
829 2109 859 2166 in
873 2109 997 2181 aliquem
1013 2110 1106 2166 locum
1139 2125 1142 2134 ¹

197 2211 279 2250 suum
298 2193 432 2248 mundum
449 2197 478 2248 et
496 2193 618 2262 charum,
637 2193 767 2265 deinceps
787 2196 863 2251 illam
883 2197 923 2251 sic
935 2202 1107 2267 servaturas,

197 2280 347 2337 recondat:
373 2277 523 2349 putabisne
546 2278 624 2334 illum
650 2279 824 2350 sapientem?
859 2285 926 2342 Bor.
963 2280 1106 2344 Quomodo
1126 2286 1159 2336 10

198 2363 401 2436 hoc‘possum?
428 2380 493 2418 nam
509 2381 600 2422 nonne
618 2371 691 2420 esset
710 2365 778 2419 satis
797 2365 905 2432 melius,
923 2371 955 2418 ut
973 2364 1106 2436 margari-

199 2456 257 2504 tam
277 2467 356 2509 suaru
373 2449 506 2504 mundam
530 2455 638 2506 teneret
662 2455 690 2504 et
710 2456 833 2506 servaret
849 2467 933 2522 quam
949 2449 1105 2520 pollutam?

201 2535 271 2589 Aac.
303 2536 403 2593 Nonne
418 2534 544 2591 similiter
562 2535 667 2593 taceret
684 2535 777 2604 Deus,
801 2536 850 2607 qui
866 2535 1004 2593 hominem
1022 2553 1106 2609 ange-
1128 2541 1157 2592 11

197 2619 235 2673 lis
261 2619 424 2676 sociandum
446 2620 506 2676 sine
528 2625 645 2691 peccato
671 2618 750 2691 quasi
773 2619 803 2674 in
825 2637 910 2677 manu
926 2639 979 2678 sna
995 2624 1109 2680 tenebat

201 2705 231 2760 in
258 2706 388 2774 paradiso
416 2713 444 2763 et
469 2706 602 2777 permisit,
630 2711 663 2760 ut
688 2721 822 2762 accensus
846 2706 953 2762 invidia
980 2707 1108 2764 diabolus

201 2808 267 2846 eum
284 2790 313 2845 in
331 2791 421 2848 lutum
445 2791 554 2863 peccati
576 2790 703 2862 quamvis
721 2791 939 2848 consentientem
957 2790 1108 2848 deiiceret?

193 2876 233 2934 si
250 2875 323 2932 enim
344 2877 492 2948 prohibere
515 2877 600 2934 vellet
627 2876 779 2946 diabolum,
802 2893 858 2932 non
884 2883 979 2950 posset
1001 2882 1108 2932 tentare

200 2959 347 3016 hominem.
383 2962 490 3032 Nonne,
508 2962 631 3033 inquam,
652 2963 778 3020 similiter
797 2964 910 3032 faceret,
927 2963 951 3017 si
968 2961 1107 3016 hominem
1127 2959 1159 3010 12

199 3047 309 3116 peccati
347 3048 428 3104 sorde
464 3047 633 3104 maculatum
669 3049 729 3106 sine
760 3049 836 3106 omni
867 3047 1006 3104 lavatione
1036 3045 1053 3100 i.
1082 3063 1106 3102 e.

270 3237 295 3298 1)
316 3189 459 3290 beator-arra
477 3235 559 3290 Abc
575 3233 809 3290 BODEFa-
826 3235 959 3288 dotorum
975 3233 1031 3290 Aa
1048 3234 1107 3290 Pb.

269 3306 295 3371 2)
315 3305 375 3356 riae
393 3305 445 3358 hoc
463 3305 547 3374 posia.-
565 3321 637 3359 omn.
656 3301 743 3360 codd.
859 3311 869 3324 “

270 3376 297 3439 3)
315 3371 361 3426 Ita
377 3389 449 3427 omn.
469 3373 556 3428 eodd.
