2638 3818
362 279 441 342 citit
457 279 559 342 Daue
578 277 697 337 nouo.
731 276 920 337 11.16b.17.
1048 273 1089 346 79

185 457 214 508 ot
232 453 275 524 (ut
292 442 347 506 dici
364 451 444 520 solet)
464 449 572 522 quaeds
591 449 694 508 nodum
719 447 749 505 in
773 447 903 516 scirpo.¹)
940 447 1008 502 Bos.
1043 443 1091 502 Au
1108 443 1141 497 ²6

185 554 215 596 es
233 534 349 604 oblitus,
373 535 442 606 quid
462 535 611 592 obiecerim
638 530 860 590 excusationibus
884 529 940 585 tuis
963 529 992 584 in
1008 527 1091 584 huius

186 619 384 692 disputationis
411 626 522 676 nostrae
551 619 703 691 principio,
744 617 811 690 quis
851 613 981 674 videlicet
1016 615 1091 687 quod

185 705 364 778 postulabam
390 723 445 762 non
469 704 576 762 faceres
600 705 703 774 doctis,
730 703 780 758 sed
798 703 867 759 mibi
885 707 915 758 ot
931 701 984 758 hoc
1000 698 1092 773 ipsum

185 808 294 848 mecum
315 790 495 861 petentibus?
532 789 643 847 Sustine
666 789 766 864 igitur,
789 793 821 850 ut
843 805 895 859 pro
915 787 1046 844 tarditate
1064 794 1093 844 et
1110 790 1142 841 27

185 875 355 932 hebetudine
386 877 473 934 nostri
501 877 606 949 ingenii
632 890 778 948 quaeram,
808 878 944 944 quatenus
971 873 1039 930 mibi
1065 882 1093 930 et

184 965 241 1021 illis
268 963 353 1019 etiam
379 963 408 1017 in
431 961 585 1034 puerilibus
612 959 834 1032 quaestionibus,
862 959 934 1016 sicut
955 959 1092 1033 incepisti,

185 1048 350 1106 satisfacias.

263 1185 333 1273 ll·
384 1221 454 1274 Ass.
473 1217 534 1272 Iam
549 1215 678 1286 diximus,
695 1213 761 1286 quia
773 1213 852 1270 Deus
864 1213 1013 1286 improprie
1025 1216 1093 1272 dici·
1112 1211 1124 1262 1

185 1311 231 1360 tur
258 1303 365 1376 aliquid
391 1323 448 1366 uon
470 1319 557 1376 posse
585 1309 633 1357 sut
659 1299 824 1358 necessitate
850 1299 951 1356 lacere.
996 1300 1092 1358 Omnis

187 1389 292 1462 quippe
318 1391 467 1446 necessitas
493 1394 522 1444 et
544 1387 752 1460 impossibilitas
775 1385 834 1440 eius
854 1385 979 1444 subiacet
996 1387 1093 1445 volun·

185 1473 247 1530 tati.
281 1473 360 1530 Illius
377 1479 472 1529 autem
492 1473 620 1528 voluntas
637 1471 707 1527 nulli
724 1471 852 1528 subditur
869 1471 1027 1528 necessitati
1044 1477 1094 1528 aut

186 1557 413 1628 impossibilitati.
447 1557 525 1616 Nihil
544 1559 618 1614 enim
637 1565 679 1613 est
697 1558 884 1614 necessarium
901 1564 951 1614 sut
969 1557 1126 1631 imposui-2

188 1643 258 1714 bile,
282 1645 336 1700 nisi
357 1644 423 1718 quia
439 1645 501 1716 ipse
520 1643 561 1698 ita
576 1644 651 1714 vult;
673 1643 765 1716 ipsum
786 1660 852 1700 vero
876 1647 926 1697 aut
947 1643 1020 1698 velle
1043 1649 1094 1699 aut

187 1729 263 1785 nolle
286 1729 394 1802 aliquid
416 1735 530 1802 propter
554 1728 748 1785 necessitatem
768 1734 817 1784 aut
835 1727 1093 1799 impossibilitatem,

186 1815 310 1872 alienum
335 1815 378 1872 est
403 1832 421 1870 a
446 1816 571 1873 veritate.
609 1813 718 1882 Quare,
747 1811 877 1885 quoniam
904 1813 995 1869 omnia
1021 1814 1126 1887 quae3

187 1901 248 1956 vult
265 1907 293 1958 et
311 1919 368 1958 non
387 1901 441 1957 nisi
457 1918 529 1972 quse
547 1901 619 1966 vult,
642 1897 728 1968 facit;
755 1898 827 1954 sieut
846 1899 925 1956 nulla
943 1900 1093 1956 necessitas

187 1986 246 2043 sive
262 1985 472 2059 impossibilitas
488 1985 631 2057 praecedit
649 1984 708 2040 eius
727 1985 798 2041 velle
817 1992 866 2040 aut
883 1984 965 2054 nolle,
984 1985 1025 2040 ita
1040 2002 1092 2040 nee

188 2073 247 2128 eius
264 2072 357 2128 facere
375 2078 496 2127 autnon
513 2069 619 2141 lacere,
645 2071 771 2142 quamvis
799 2070 888 2126 multa
912 2070 980 2127 velit
995 2071 1092 2128 immu-

183 2159 309 2222 tabiliter
335 2164 364 2214 et
388 2157 482 2214 faciat.
526 2155 563 2212 Et
589 2157 662 2212 sicut
689 2173 753 2212 cum
778 2156 856 2212 Deus
882 2156 952 2212 facit
978 2150 1128 2228 aliquid,4

186 2250 336 2316 postquam
356 2244 462 2300 factum
486 2245 543 2309 est,
566 2241 623 2296 iam
641 2257 697 2296 non
721 2249 815 2314 potest
837 2260 893 2299 non
910 2259 969 2300 esse
988 2242 1094 2299 factum
1186 2261 1191 2278 ¹

189 2330 238 2386 sed
265 2346 374 2402 semper
401 2345 498 2384 verum
524 2331 568 2382 est
591 2327 696 2384 factum
722 2345 798 2398 esse,
821 2344 873 2383 nec
899 2332 993 2384 tamen
1019 2334 1094 2384 recte

190 2414 291 2470 dicitur
310 2413 480 2488 impossibile
496 2411 560 2467 Deo
578 2429 646 2484 esse,
664 2422 698 2470 ut
715 2415 802 2470 tsoist
820 2413 895 2486 quod
913 2411 1094 2484 praeteritum

190 2506 310 2558 estnon
333 2517 394 2557 esse
418 2498 613 2570 praeteritum,
635 2497 704 2553 nihil
731 2498 804 2554 enim
826 2497 866 2555 ibi
890 2502 1020 2570 operatur
1045 2513 1094 2554 ne·

188 2584 304 2640 cessitas
333 2602 389 2640 non
417 2581 538 2640 faciendi
568 2589 617 2638 aut
643 2583 850 2654 impossibilitas
881 2584 1015 2654 faciendi,
1044 2584 1094 2639 sed
1193 2635 1195 2642 .

187 2668 243 2724 Dei
261 2668 321 2725 sola
338 2672 481 2737 voluntas,
505 2669 553 2738 qui
578 2668 724 2724 veritatem
746 2686 854 2740 semper
875 2669 952 2741 (quia
969 2669 1029 2741 ipse
1048 2684 1093 2723 ve·

187 2755 256 2811 ritas
274 2757 326 2825 est)
347 2753 562 2823 immutabilem,
582 2754 655 2809 sicut
671 2760 727 2825 est,
744 2771 804 2810 esse
820 2754 888 2809 vult.
927 2753 972 2806 Ita
989 2753 1013 2806 si
1031 2766 1093 2820 pro·
1111 2753 1126 2802 5

188 2841 269 2911 ponit
289 2858 320 2896 se
339 2842 446 2914 aliquid
470 2839 680 2896 immutabiliter
698 2841 851 2909 facturum,
876 2836 1001 2910 quamvis
1019 2835 1094 2906 quod

188 2927 321 2999 proponit
347 2935 497 2998 antequam
523 2923 573 2980 fiat
598 2942 654 2980 non
678 2924 768 2996 possit
792 2943 848 2981 non
872 2939 932 2979 esse
960 2920 1093 2990 fetuum,

188 3028 245 3066 non
267 3019 362 3068 tamen
389 3014 448 3068 ulls
476 3019 517 3068 est
543 3012 572 3066 in
602 3027 634 3066 eo
660 3010 783 3066 faciendi
805 3007 954 3066 necessitas
973 3013 1094 3063 autnon

116 3126 119 3130 ·
188 3095 311 3152 faciendi
335 3097 558 3169 impossibilitas,
582 3097 648 3168 quia
670 3097 729 3152 sola
748 3102 877 3168 operatur
899 3093 929 3149 in
948 3110 983 3150 ee
998 3091 1094 3148 volun·

260 3271 286 3336 1)
312 3267 355 3322 Ex
382 3270 508 3323 Terentii
534 3267 643 3324 Andria
669 3271 721 3321 act
747 3273 819 3322 5sc.
841 3269 858 3320 4
882 3283 908 3319 v.
935 3268 967 3319 39
996 3261 1094 3319 sumsit

187 3335 241 3393 hoc
259 3336 438 3408 proverbium
455 3338 483 3394 S.
502 3338 659 3394 Anselmus.
