2638 3818
200 323 243 390 60
374 297 594 378 sensnum
613 317 921 376 sussuranensis

196 487 355 558 veritatem,
382 496 410 546 et
434 490 497 559 dio,
526 490 593 561 quia
609 491 692 544 valde
710 491 851 560 convenit,
876 493 909 543 ut
926 487 1103 559 quemadmo-

197 577 265 630 dum
294 573 412 632 hominis
443 582 589 646 peceatum
615 581 644 629 et
671 592 756 631 causa
782 583 894 632 nostrae
920 572 1104 652 damnationis

155 703 158 715 .
196 661 306 716 initium
332 660 430 716 sumsit
451 676 470 714 a
493 658 610 729 femina,
636 660 676 714 ita
692 661 831 716 medicina
848 661 956 732 peccati
974 666 1003 715 et
1018 674 1105 714 eausa

195 752 307 802 nostrae
323 744 483 800 salvationis
504 751 635 799 nascatur
660 745 696 800 de
716 745 835 816 femina3
860 763 895 802 ac
917 765 953 802 ne
974 746 1103 801 mulieres

196 831 345 902 desperent
370 847 400 885 se
432 829 571 900 pertinere
597 830 634 884 ad
657 835 759 884 sortem
784 830 943 900 beatorum,
972 830 1104 902 quoniam

196 917 353 972 desemine
377 921 486 970 tantum
510 915 613 970 malum
638 915 786 985 processit,
809 923 931 987 oportet,
955 923 988 971 ut
1008 917 1046 971 ad
1062 933 1104 970 re·

176 1001 371 1059 formandam
393 1017 472 1072 spem
497 999 592 1055 earum
610 1001 645 1056 de
661 1001 777 1057 muliere
793 1006 904 1056 tanturn
920 1003 1025 1058 bonum
1041 1019 1103 1072 pro-

146 1091 178 1142 19
197 1087 288 1143 cedat
323 1086 414 1158 Pinge
440 1090 469 1140 et
493 1086 555 1141 hoo.
600 1086 630 1143 Si
654 1086 733 1158 virgo
758 1093 819 1141 erat
843 1103 915 1158 quae
938 1105 1025 1143 eausa
1050 1085 1105 1141 fuit

195 1173 318 1226 humano
333 1170 430 1246 generi
448 1171 533 1226 totius
552 1171 632 1242 mali,
652 1172 739 1228 multo
756 1172 845 1246 magis
865 1173 957 1243 decet,
976 1178 1010 1229 ut
1024 1171 1104 1244 virgo

196 1258 233 1312 sit
264 1275 337 1328 quae
369 1274 454 1312 causa
480 1258 533 1312 erit
557 1257 642 1312 totius
660 1257 744 1330 boni.
779 1257 842 1314 Hoc
871 1275 982 1330 quoque
1009 1258 1104 1329 pinge

153 1395 157 1402 .
196 1342 227 1398 Si
249 1342 362 1412 mulier,
392 1358 476 1413 quam
497 1340 567 1396 fecit
582 1341 660 1396 Deus
679 1342 714 1397 de
732 1341 791 1396 viro
809 1343 868 1398 sine
887 1343 1005 1414 femina,
1027 1343 1104 1398 facta

196 1434 240 1484 est
258 1429 294 1485 de
317 1427 438 1499 virgine,
462 1426 593 1480 convenit
617 1426 714 1496 valde,
736 1433 770 1481 ut
784 1426 827 1481 vir
844 1445 966 1500 quoque,
990 1429 1039 1501 qui
1054 1428 1104 1483 fiet

145 1513 372 1582 redolentius,
395 1512 456 1566 sine
480 1511 540 1565 viro
568 1510 619 1567 fiat
642 1513 677 1566 de
693 1511 816 1584 Virgine.
852 1513 907 1570 Sed
931 1514 966 1569 de
986 1512 1105 1583 picturis

196 1615 269 1668 quae
287 1604 406 1670 possunt
423 1595 502 1667 pingi
520 1613 603 1666 super
619 1595 680 1667 hoc,
704 1597 771 1670 quia
788 1598 866 1654 Deus
885 1599 968 1654 homo
987 1599 1023 1654 de
1040 1598 1104 1655 Vir·

196 1681 262 1754 gine
290 1681 405 1736 muliere
436 1681 514 1735 nasci
542 1682 640 1752 debet,
672 1683 726 1740 ists
750 1701 824 1739 nuno
852 1683 997 1739 sufficiant
1031 1685 1102 1740 Bos.

154 1827 158 1835 ,
195 1766 287 1824 Valde
305 1767 439 1838 pulchrae
457 1774 486 1823 et
501 1767 680 1823 rationabiles
698 1774 763 1823 sunt
779 1769 850 1826 istae
865 1769 1000 1841 picturae.

164 1955 177 2004 1
271 1921 313 2008 ii·
365 1957 434 2011 Aes.
452 1956 535 2013 Nune
546 1974 657 2028 quoque
665 1957 855 2027 quaerendum
866 1962 916 2027 est,
930 1958 959 2013 in
974 1973 1030 2029 qua
1041 1973 1102 2028 per·

197 2055 266 2094 sona
289 2040 379 2110 Deus,
408 2041 457 2112 qui
483 2047 525 2096 est
553 2047 609 2096 tres
636 2058 782 2112 personae,
810 2041 949 2097 hominem
975 2045 1103 2096 assumat

195 2123 295 2178 Plures
322 2125 404 2180 enim·
420 2143 556 2195 personae
579 2133 721 2197 nequeunt
748 2145 836 2182 unum
862 2127 1036 2198 eundemque
1055 2125 1103 2180 ho·

153 2228 156 2234 ’
196 2209 298 2264 minem
319 2227 458 2266 assumere
481 2210 511 2264 in
533 2211 673 2267 unitatem
697 2229 840 2282 personae.
875 2213 967 2279 Quare
992 2212 1024 2266 in
1046 2229 1104 2268 una
1204 2229 1209 2240 ·

161 2297 314 2367 2ροτιοιια
339 2303 451 2352 tantum
470 2296 524 2352 hoo
545 2296 607 2352 fieri
630 2314 743 2355 neeesse
761 2305 811 2354 est.
846 2299 902 2355 Sed
919 2298 955 2354 de
972 2298 1024 2354 hac
1042 2297 1104 2352 uni·

195 2388 254 2438 tate
281 2399 416 2454 personae
439 2382 494 2438 Dei
519 2387 548 2438 et
572 2383 691 2438 hominis
718 2390 747 2439 et
772 2384 802 2439 in
829 2401 884 2457 qua
908 2400 1026 2455 persona
1048 2381 1104 2444 Dei

195 2467 248 2522 hoe
278 2469 368 2540 magis
398 2468 460 2524 fieri
487 2473 626 2539 oporteat,
661 2468 691 2524 in
714 2468 831 2541 epistola
853 2469 889 2524 de
913 2469 1103 2524 incarnatione

195 2551 285 2610 Verbi
310 2553 346 2608 ad
372 2553 523 2608 Dominum
548 2553 655 2623 Papam
678 2554 824 2611 Urbanum
841 2553 993 2624 directa‚¹)
1016 2571 1102 2625 quan·

195 2644 256 2692 tum
274 2637 311 2692 ad
328 2644 501 2708 praesentem
519 2637 761 2711 investigationem
779 2639 907 2695 sufficere
923 2644 1008 2711 puto,
1027 2640 1102 2695 locu·

163 2725 242 2780 itus
261 2741 331 2778 sum.
366 2725 435 2778 Boe.
473 2721 600 2779 Breviter
624 2731 718 2780 tamen
738 2725 785 2781 hio
807 2731 909 2797 tange,
937 2742 987 2780 cur
1011 2723 1104 2796 potius

196 2825 315 2881 persona
334 2808 401 2864 Filii
428 2809 529 2865 debeat
552 2807 690 2866 incarnari
707 2828 791 2883 quam
808 2811 901 2866 Patris
918 2814 968 2864 aut
983 2807 1104 2880 Spiritus

267 3034 293 3101 1)
267 3031 478 3088 lInohoatam
500 3031 573 3086 hanc
591 3047 616 3086 a.
636 3033 702 3088 1092
722 3029 881 3111 Epistolam
898 3047 932 3085 ao
949 3047 999 3102 per
1016 3033 1103 3084 aesta-

195 3107 252 3156 tem
276 3102 440 3173 sequentis
441 3100 507 3156 anni
532 3100 688 3155 absolutam
711 3099 738 3156 S.
756 3099 883 3155 Anselmi
901 3099 1023 3181 Qperum
1047 3096 1104 3152 edi·

195 3170 265 3225 tioni
282 3171 426 3226 Maurinae
444 3169 558 3225 Parisiis
584 3175 647 3225 1721
672 3185 703 3224 re
723 3169 807 3224 etitae
829 3169 954 3224 invenies
971 3167 1104 3248 insertam

196 3238 245 3296 fol.
263 3245 295 3294 41
306 3257 357 3320 sq.
375 3258 398 3293 s.
416 3240 444 3294 h.
462 3244 499 3294 t.:
529 3238 614 3292 Liber
638 3241 674 3293 de
718 3239 753 3292 de
777 3238 929 3292 Trinitatis
952 3245 979 3290 et
1002 3236 1074 3290 de
1061 3253 1104 3288 eo·

196 3308 363 3431 eaerlnotioae
386 3309 470 3363 Verbi
495 3314 594 3362 eontra
617 3307 805 3376 blasphemias
823 3305 955 3362 Ruselioi
972 3305 1029 3359 siae
1046 3305 1104 3358 Ro·

195 3393 225 3429 sc
253 3393 294 3430 am
