2638 3818
378 313 457 374 (ΜΒ
473 313 575 371 DEUS
590 311 710 368 HOMO.
746 309 767 367 1.
787 319 813 367 7.
832 315 857 367 Β.
1033 309 1072 376 11

168 487 217 544 aed
241 487 305 544 Dei.
338 487 416 542 Iusto
440 501 561 556 namque
585 484 688 539 iudicio
716 481 771 538 Dei
795 479 936 535 decretum
959 487 1019 537 ersi
1046 485 1076 537 et
1094 481 1125 535 ib
1147 517 1150 522 ,
1175 552 1180 561 Ι

168 574 248 647 quani
266 570 450 645 chirographo
468 568 665 640 confirmatum,
686 573 719 623 ub
738 568 819 623 homo
832 565 880 637 qui
897 573 994 637 sponte
1008 583 1074 637 poo-
1103 596 1106 605 ·

168 666 288 724 caverat,
307 674 361 714 nec
378 661 525 727 peccatum
542 671 594 710 nec
610 671 730 727 poenam
747 651 856 724 peccari
874 652 1074 722 perscribere

166 753 275 818 poeset3
299 750 344 800 eet
370 741 443 798 enim
467 740 579 812 spiritus
603 741 708 796 vadens
735 745 762 794 et
786 754 842 793 non
866 737 1021 806 rediena31)
1046 743 1076 793 et

167 833 218 902 qai
233 832 315 900 facit
336 835 494 898 peccatum,
520 843 615 882 cerua
638 831 678 878 eat
696 822 852 894 pacatae
870 837 923 878 nec
943 823 992 893 qui
1010 839 1075 894 pec·

167 921 227 986 aab,
244 913 397 985 impunitus
414 911 498 968 debet
516 911 631 983 dimitti,
653 912 708 966 nisi
727 909 918 989 misericordia
934 907 1074 980 peccatori

167 1006 267 1074 pareat
286 1005 314 1055 et
333 1016 395 1055 eum
418 999 568 1054 liberatae
587 998 710 1054 reducat
751 995 937 1061 Quamobrem
955 1011 1005 1065 per
1021 994 1075 1048 hoc
1094 1004 1125 1055 17

167 1083 381 1156 chirographum
402 1084 507 1139 nullam
533 1083 651 1139 inveniri
668 1098 750 1154 posse
768 1079 873 1135 diaboli
891 1080 1027 1135 iustitiam
1044 1079 1075 1135 in
1108 1106 1111 1114 ’

166 1171 287 1227 hominis
311 1170 452 1226 vexatione
476 1169 588 1224 eredere
616 1169 756 1224 debemus.
796 1165 926 1235 Denique
948 1165 1021 1220 siout
1044 1166 1076 1222 in
1094 1173 1126 1250 1⁸.

168 1258 244 1314 bono
263 1256 359 1328 angelo
377 1255 455 1310 nulla
467 1254 578 1310 omnino
590 1260 633 1310 est
649 1252 792 1321 iniustitia,
811 1251 852 1306 ita
867 1249 896 1304 in
908 1251 983 1306 malo
995 1251 1074 1306 nulle

169 1347 212 1398 est
240 1342 347 1412 penitus
374 1340 488 1395 iustitia.
524 1339 600 1395 Nihil
623 1339 710 1414 igitur
737 1338 847 1395 eratin
872 1335 997 1407 diabolo,
1025 1353 1076 1391 our
1095 1348 1127 1400 19

167 1427 246 1482 Deus
263 1435 357 1482 contra
381 1426 459 1479 illum
483 1425 520 1478 ad
531 1448 535 1456 ·
545 1425 720 1480 liberandum
737 1424 876 1480 hominem
892 1442 943 1480 sua
960 1426 1003 1480 uti
1020 1425 1075 1480 for·

168 1511 284 1567 titudine
299 1529 355 1566 non
373 1511 495 1566 deberet.

245 1665 287 1752 80
339 1700 409 1753 Arra.
430 1697 562 1754 Sufficere
580 1697 661 1754 nobie
682 1697 764 1754 debeb
782 1697 821 1770 ad
831 1698 967 1753 rationem
978 1697 1074 1753 volun·
1095 1705 1106 1756 i

166 1789 210 1840 cas
231 1784 286 1840 Dei
295 1789 316 1854 ³)
344 1802 407 1839 cum
437 1784 543 1856 aliquid
571 1785 653 1852 facit,
679 1784 747 1839 licet
773 1800 830 1838 non
855 1782 998 1837 rideamne
1026 1801 1076 1838 our
1119 1791 1125 1797 '⁴

167 1869 207 1924 itu
224 1868 305 1938 velit3
333 1870 461 1925 voluntas
480 1887 601 1942 namque
617 1871 672 1926 Dei
698 1888 840 1942 nunquam
866 1874 908 1922 eet
932 1865 1075 1924 irrationa-

168 1953 239 2008 bilis.
275 1955 345 2009 Boe.
363 1953 468 2010 Verum
486 1962 541 2025 eet,
565 1956 588 2010 ei
608 1960 717 2012 constet
735 1955 827 2010 Deum
846 1956 876 2010 id
896 1957 983 2026 velle,
1001 1958 1075 2012 unde
1094 1959 1110 2012 2

169 2029 276 2112 agitur3
303 2055 479 2112 nequaquam
503 2041 577 2096 enim
603 2043 782 2114 acquiescunt
806 2040 887 2095 multi
909 2039 1002 2096 Deum
1026 2041 1076 2096 ali·

169 2124 238 2196 quid
266 2125 351 2192 velle,
380 2126 404 2179 ei
428 2126 528 2180 rationi
554 2144 711 2202 repugnare
736 2127 854 2182 videtur.
896 2129 966 2181 Arra.
1003 2125 1110 2192 Quinc

101 2214 104 2221 '
168 2209 221 2266 cibi
245 2210 356 2265 videtur
380 2227 537 2284 repugnare
563 2212 677 2278 rationi,
702 2230 766 2268 cum
785 2214 876 2268 Deum
902 2219 937 2268 'ea
957 2212 1077 2268 voluisse

168 2295 296 2366 fatemur,
315 2313 388 2368 quae
407 2297 442 2353 de
461 2299 520 2352 eiue
538 2298 725 2354 incarnatione
745 2298 904 2352 eredimus?
939 2300 1009 2354 Boc.
1035 2299 1078 2356 Ui
1094 2301 1112 2354 4

169 2380 290 2437 breviter
320 2381 426 2436 dicam:
456 2381 622 2458 altissimum
651 2384 688 2438 ad
713 2389 771 2438 tam
797 2383 912 2438 humilia
940 2383 1076 2455 inclinari,

172 2467 386 2538 omnipotentem
406 2467 512 2539 aliquid
530 2468 621 2524 faeere
633 2485 697 2522 cum
709 2474 786 2524 canto
798 2469 900 2523 labore.
926 2469 997 2522 Aac.
1022 2467 1077 2533 Qui
1094 2471 1110 2522 5

170 2551 223 2606 hoo
236 2552 340 2622 dicunt,
355 2569 411 2608 non
425 2553 585 2625 intelligunt
597 2555 672 2625 quod
684 2554 829 2610 credimus.
857 2552 990 2608 Divinam
1004 2554 1077 2610 enim

171 2642 301 2693 naturam
319 2639 424 2709 absque
445 2637 530 2692 dubio
547 2639 693 2694 asserimus
710 2639 922 2711 impassibilem,
939 2656 991 2694 nee
1007 2640 1078 2694 ulla-
1111 2688 1112 2693 ,

172 2726 253 2777 tenus
270 2740 387 2793 possea
408 2740 459 2778 sua
478 2723 644 2781 celsitudine
660 2725 806 2794 humiliari,
830 2725 929 2781 necin
949 2742 981 2780 eo
1002 2724 1078 2797 quod

174 2806 235 2860 vult
264 2807 354 2865 faeere
383 2808 517 2863 laborare.
559 2807 614 2864 Sed
640 2809 789 2864 Dominum
815 2809 908 2865 Iesum
938 2809 1111 2864 Christumb

175 2887 291 2946 dicimus
313 2893 406 2948 Deum
430 2909 526 2948 verum
551 2899 580 2949 et
605 2911 701 2949 verum
728 2893 883 2964 hominem,
910 2912 994 2949 unam
1017 2911 1078 2966 per·
1127 2901 1131 2907 '

173 3015 235 3024 ...-

245 3083 279 3153 ib
290 3080 347 3135 Ofr.
364 3081 467 3136 Peulm.
485 3088 516 3137 77
535 3077 599 3154 bel,
619 3086 661 3136 39.
1016 3149 1020 3154 .

243 3155 271 3212 ι)
289 3149 385 3204 Ioann.
406 3155 429 3218 e,
450 3155 489 3205 aa

134 3231 137 3242 ’
245 3221 274 3280 3)
292 3217 349 3273 Cir.
366 3218 452 3274 Liber
470 3221 505 3272 dc
525 3219 673 3272 Volaatate
691 3218 750 3271 Dar'
767 3233 790 3272 e.
807 3223 836 3271 ιι
854 3214 1008 3286 ,Voluntas
1026 3214 1081 3270 Dei

173 3293 216 3370 eet
240 3286 425 3410 (uttbreuitm
449 3287 554 3355 dicam)
577 3286 710 3358 quiequid
732 3285 776 3356 fit,
801 3290 833 3340 ut
857 3255 918 3338 deri
941 3283 1081 3340 invenitur

173 3375 204 3412 m
223 3373 288 3412 crea
301 3373 366 3411 urm.
430 3373 432 3378 ·
468 3399 471 3404 ι
