2638 3818
396 299 727 376 oororosaouo.
762 301 848 359 ιιι.
978 315 981 322 ,
1034 298 1076 368 19

161 483 220 534 tem
237 479 295 530 tam
312 473 358 546 pie
376 479 404 528 et
423 479 481 528 tam
498 470 604 526 utiliter
621 469 784 541 sustineret,
808 471 936 546 quamvis
953 489 1072 543 poenum

163 561 224 618 eius
242 577 298 616 non
322 564 440 626 amaret,
466 555 626 612 affirmatur.
661 556 726 614 Non
748 561 842 612 autem
865 554 1124 629 potuisseouli-14

163 663 224 702 eem
249 645 367 701 transire
393 642 447 696 nisi
474 641 582 698 biberet
607 642 700 713 illum,
733 642 817 713 dixit,
843 660 901 698 uonv
926 643 992 715 quia
1017 661 1073 699 non

162 738 258 802 posset
269 736 387 786 mortem
401 726 489 781 vitare
501 727 524 780 si
536 728 632 797 vellet3
651 728 852 800 sedquoniam,
873 728 945 783 siout
966 727 1072 783 dietum

163 823 221 886 est,
246 816 380 870 mundum
400 819 460 868 eret
479 813 650 885 impossibile
668 814 749 870 aliter
766 813 881 880 salveri3
905 813 1011 885 etipse
1030 813 1071 866 in·

163 899 371 958 declinabiliter
387 899 497 954 volebat
513 901 608 970 potius
625 907 742 956 mortem
756 900 823 972 pati,
844 917 928 972 quam
945 905 977 954 ut
993 916 1072 953 mun-

164 986 216 1040 dus
234 1002 294 1040 non
312 984 472 1040 salvaretur.
507 985 617 1040 Idcirco
638 991 731 1040 autam
749 985 819 1040 dixit
842 985 930 1041 verba
952 985 1016 1055 illa,
1040 989 1073 1040 ut
1091 975 1122 1026 ¹5

163 1071 279 1126 doceret
306 1069 455 1126 humanum
491 1089 580 1142 genus
617 1071 699 1128 aliter
727 1089 783 1126 non
814 1071 938 1142 potuisse
968 1070 1070 1126 salvari

165 1173 252 1228 quam
272 1171 323 1224 per
339 1163 455 1212 mortem
475 1173 571 1226 suarm
593 1173 650 1211 non
672 1160 705 1210 ut
729 1157 887 1212 ostenderet
909 1175 938 1212 se
955 1162 1072 1212 mortem

164 1257 343 1312 nequaquam
366 1242 488 1297 valuisse
513 1242 609 1298 vitare.
655 1241 728 1298 Nam
756 1259 938 1314 quaeeunque
961 1242 997 1298 de
1023 1241 1072 1298 illo
1093 1233 1124 1284 ¹⁶

164 1325 297 1380 dicuntur
312 1326 355 1380 his
373 1343 446 1398 quae
467 1327 625 1381 dictasunt
643 1320 751 1395 similia,
771 1326 811 1382 sio
825 1334 891 1383 sunt
903 1328 1072 1398 exponenda,

164 1411 297 1466 utnulla
320 1412 485 1468 necessitate
511 1412 562 1467 sed
586 1411 675 1466 libera
698 1410 841 1469 voluntate
864 1419 989 1468 mortuus
1016 1429 1073 1468 ere·

166 1495 256 1551 datur.
287 1497 356 1552 Erat
372 1515 493 1568 namque
508 1497 694 1567 omnipotens,
712 1504 741 1552 et
759 1498 793 1553 de
812 1497 860 1554 illo
877 1498 987 1570 legitur,
1007 1515 1074 1569 quo·
1093 1492 1124 1543 ¹7

164 1581 243 1636 niam
270 1583 380 1638 oblatus
408 1592 461 1654 eat,
493 1585 560 1654 puio
589 1584 649 1653 ipae
676 1584 771 1640 uoluit.
780 1585 800 1652 ¹)
839 1583 877 1638 Et
904 1585 962 1655 ipse
991 1583 1074 1639 dicit:

167 1667 231 1736 190
245 1685 323 1737 pono
344 1671 469 1724 animam
490 1687 588 1733 meam,
608 1677 638 1722 ut
655 1669 755 1722 {maan
772 1686 880 1723 sumam
898 1687 976 1734 ωιτη
993 1686 1073 1724 nemo
1110 1674 1112 1678 ’

165 1755 241 1807 toltit
259 1771 321 1808 eam
339 1771 359 1807 a
379 1773 429 1818 me,
447 1757 500 1810 sed
517 1773 566 1823 epo
582 1771 660 1825 pono
679 1771 741 1807 eam
756 1773 775 1808 a
793 1770 835 1807 me
853 1755 924 1824 ipro.
948 1756 1075 1808 Potesta-

162 1845 218 1892 tem
242 1840 330 1894 habeo
353 1842 483 1909 ponendi
505 1842 629 1895 animam
654 1851 744 1892 meam
769 1847 795 1892 et
821 1839 920 1893 iterum
946 1840 1077 1893 sumendi

166 1926 266 1993 sam.²)
302 1925 385 1990 Quod
407 1941 473 1997 ergo
497 1926 571 1982 idem
593 1925 654 1996 ipse
678 1942 730 1980 sua
752 1929 890 1995 potestate
911 1930 940 1978 et
959 1941 1010 1978 sua
1027 1942 1074 1981 vo·
1095 1922 1125 1973 18

165 2007 273 2065 lentate
296 2009 381 2081 facit,
403 2011 563 2066 nullatenus
589 2012 627 2066 ad
647 2010 699 2065 hoo
723 2008 787 2082 cogi
804 2015 880 2066 reete
899 2009 955 2064 diei
971 2015 1072 2081 potest.

165 2095 235 2149 Bor.
268 2094 332 2149 Hoo
349 2095 452 2166 solum,
469 2095 535 2168 quia
555 2096 692 2167 permittit
710 2097 787 2152 Deus
806 2096 885 2150 illum
902 2095 943 2151 sie
960 2095 1075 2150 tractari
1093 2093 1125 2144 19

164 2181 293 2252 ιιιιιιηιιίι
317 2180 470 2250 volentem,
494 2184 551 2234 'non
572 2181 682 2258 ridetur
705 2183 756 2238 tali
774 2182 855 2236 Patri
881 2181 983 2237 detali
1001 2181 1074 2236 Filio

166 2267 324 2322 eonveniro.
358 2269 427 2320 Aoo.
463 2266 523 2320 Imo
547 2265 664 2322 maxime
691 2268 771 2324 decet
791 2267 877 2322 talem
895 2267 1008 2322 Patrem
1024 2265 1076 2320 tuli
1093 2267 1125 2316 2⁰

162 2349 240 2404 -Filio
264 2351 432 2415 consentire,
457 2351 482 2405 si
506 2351 574 2422 quid
593 2353 654 2408 vult
681 2352 861 2408 laudabiliter
885 2351 923 2405 ad
945 2351 1076 2406 honorem

167 2433 223 2489 Dei
242 2441 270 2492 et
287 2435 393 2490 utiliter
410 2436 447 2490 ad
464 2437 583 2492 salutem
602 2436 752 2505 hominum,
770 2452 842 2506 quae
858 2434 1010 2492 aliter-fieri
1021 2451 1077 2489 non

170 2520 268 2588 potuit
303 2524 372 2576 Bor.
401 2521 436 2577 Iu
453 2521 506 2578 hee
525 2522 616 2576 adhue
633 2537 783 2591 versamur,
801 2521 919 2592 quahter
938 2537 1011 2574 mors
1028 2519 1077 2574 ille
1095 2527 1126 2577 21

168 2604 341 2661 rationabilis
366 2613 395 2661 et
416 2607 572 2682 necessaria
593 2605 741 2660 monstrari
763 2605 859 2676 possit
894 2605 1077 2662 Alitennemr

169 2705 225 2760 que
248 2708 298 2746 neo
323 2693 384 2762 ipse
409 2691 498 2746 Filius
523 2708 584 2747 eam
608 2691 695 2761 velle,
720 2708 773 2756 nee
798 2691 884 2746 Pater
909 2707 1008 2763 eogere
1028 2694 1077 2744 aut

168 2773 328 2850 permittere
346 2777 475 2832 debuisse
493 2776 610 2832 videtur.
647 2776 795 2842 Quaeritur
820 2777 909 2846 enim,
933 2793 983 2831 our
999 2775 1077 2830 Deus
1094 2774 1126 2825 22

169 2859 251 2914 aliter
267 2860 405 2918 hominem
427 2863 534 2916 salvare
561 2879 617 2916 non
645 2862 749 2933 potuit,
776 2867 835 2916 aut
850 2861 875 2916 si
898 2860 1001 2931 potuit,
1027 2876 1076 2912 our

243 3133 268 3200 1)
291 3129 337 3186 Ita
361 3131 445 3206 Vulg.
471 3133 590 3202 Interpr.
613 3131 699 3187 verba
719 3131 795 3201 apud
819 3128 937 3184 Iosaiam
960 3126 1079 3197 prophe·

167 3206 274 3326 ffiue.
299 3207 331 3256 53
356 3209 415 3257 ul
441 3202 538 3258 obvie:
569 3219 645 3296 '³333
668 3219 744 3292 mm,
768 3205 825 3279 5252
847 3213 995 3268 perperam
1016 3195 1079 3250 red-

240 3355 268 3428 2)
285 3353 380 3412 Iouna
401 3359 440 3425 10,
461 3360 499 3412 17.
519 3359 559 3410 18.

774 3403 783 3449 ,Ι
885 3434 923 3488 2*
