2638 3818
234 269 273 336 18
410 267 438 324 S.
458 265 629 324 ausam
644 263 951 323 commitata

232 435 356 508 proferre
373 437 478 508 peruia
502 453 584 495 nemo
609 435 696 492 currit
719 435 757 490 ad
773 439 891 498 monem
908 437 1023 504 propter
1037 447 1142 488 nomen

201 529 217 580 b
234 538 333 590 meum,
363 521 418 576 nisi
434 523 519 578 Pater
538 521 680 592 impulerit
696 526 745 576 aut
762 520 878 576 taxent
897 537 981 576 eum.
1003 518 1142 584 Quoniam

234 623 354 679 namque
382 608 524 662 voluntate
551 605 669 678 (luitque
692 606 730 660 ad
754 605 784 660 id
808 606 885 677 quod
908 604 1144 662 indeclinabiliter

234 693 303 762 vult,
326 692 446 748 trahitur
463 693 507 746 val
524 691 691 762 impellitur,
714 706 771 746 non
787 691 1013 748 inconvenienter
1031 689 1144 746 trahere

235 784 284 832 aut
301 777 443 846 impellere
460 777 562 831 dicitur
579 778 672 846 Deus,
697 793 761 830 cum
780 777 866 832 talem
887 778 937 832 dat
956 776 1143 845 voluntatem

235 861 266 918 in
290 878 344 932 quo
372 867 465 915 tractu
491 861 536 916 vel
560 861 682 931 impulsu
704 861 781 916 nulla
803 861 971 934 intelligitur
994 861 1145 920 violentiae

235 947 409 1015 necessitatis
426 946 476 1002 sed
503 955 635 1018 acceptae
658 947 750 1004 bonae
771 947 921 1006 voluntatis
942 951 1096 1018 spontanea
1114 951 1145 1002 et

204 1033 330 1086 tamata
346 1031 488 1088 tenacitas.
526 1033 555 1090 ai
582 1034 719 1105 ergoshoc
738 1032 821 1089 modo
839 1031 937 1103 nequit
953 1033 1065 1104 negari,
1088 1029 1144 1086 Pa-

236 1122 307 1172 trem
325 1117 496 1174 voluntatem
514 1118 591 1172 illnm
611 1119 704 1174 dando
716 1119 820 1175 Filium
837 1118 874 1174 ad
893 1123 1011 1174 mortem
1027 1117 1146 1172 traxisse

237 1202 281 1258 vel
299 1202 456 1273 impulisse3
475 1203 537 1273 quis
554 1221 610 1258 non
628 1205 723 1259 videat
740 1205 837 1260 cadem
855 1203 962 1259 ratione
981 1203 1145 1258 mandatum

237 1285 294 1356 illi,
320 1297 355 1351 ut
372 1293 488 1343 mortem
507 1288 659 1344 sustineret
674 1298 785 1359 sponte,
811 1295 840 1344 et
857 1289 973 1347 calicem
989 1305 1073 1360 quem
1088 1305 1145 1344 non

204 1373 339 1428 'tinnitus
364 1374 494 1441 bione,
512 1373 642 1428 dedisse?
677 1373 714 1430 Et
740 1376 764 1428 si
780 1374 868 1430 Filius
892 1374 946 1430 sibi
969 1393 1025 1430 non
1046 1391 1145 1446 peper-

237 1461 308 1516 cisse
333 1459 382 1514 sed
405 1477 456 1530 pro
479 1458 559 1514 nobis
586 1463 739 1529 spontanea
761 1460 904 1517 voluntate
929 1475 959 1516 se
980 1461 1073 1530 ipsum
1090 1465 1146 1514 tra·

238 1545 343 1599 didisse
360 1549 435 1600 recte
454 1543 569 1613 dicitur,
595 1545 656 1614 quis
684 1550 770 1615 neget
787 1552 864 1602 recte
880 1545 951 1616 dici,
976 1545 1044 1616 quia
1061 1545 1146 1600 Pater

239 1647 257 1684 a
278 1647 334 1701 quo
354 1629 440 1686 talem
454 1629 557 1689 habuit
578 1630 762 1700 voluntatem,
786 1631 828 1686 illi
853 1648 910 1686 non
931 1630 1071 1703 pepercit,
1096 1629 1146 1685 sed

205 1726 289 1787 spro
317 1714 396 1770 nobis
423 1714 539 1770 tradidit
564 1714 644 1770 illum
669 1722 698 1772 et
720 1722 836 1774 mortam
862 1717 921 1772 eius
939 1715 1046 1772 voluit?
1081 1713 1145 1770 Hoc

238 1801 323 1857 etiam
341 1801 423 1856 modo
444 1800 677 1858 indeclinabiliter
693 1808 721 1857 et
739 1808 837 1870 sponte
855 1801 991 1856 servando
1002 1805 1148 1873 acceptam

237 1887 411 1945 voluntatem
431 1904 449 1941 a
466 1886 550 1942 Patre
568 1887 661 1940 Filius·
675 1885 768 1940 factus
785 1891 829 1940 est
848 1884 891 1940 illi
906 1886 1040 1942 obediens
1057 1902 1146 1957 usque

239 1971 276 2026 ad
295 1978 425 2042 mortem,
452 1977 481 2026 et
503 1971 601 2026 didicit
625 1987 659 2026 ex
683 1971 726 2024 his
745 1986 817 2041 quae
834 1987 934 2040 passus
955 1979 998 2028 est
1015 1971 1146 2028 obedien·

238 2056 321 2121 tiam,
339 2058 368 2110 id
388 2065 442 2125 eat,
461 2072 546 2125 quam
561 2071 666 2126 magna
683 2072 728 2110 res
743 2055 873 2111 facienda
893 2057 930 2110 sit
948 2074 998 2126 per
1016 2055 1146 2112 obedien-

206 2139 315 2196 etiam.
350 2140 424 2198 Nam
449 2147 517 2194 tunc
539 2146 581 2195 est
604 2157 669 2195 vera
692 2147 721 2196 et
744 2141 860 2212 simplex
885 2141 1056 2211 obedientie,
1082 2159 1147 2199 cum

240 2225 382 2281 rationalis
402 2233 536 2280 >creatura
566 2243 623 2282 non
657 2225 822 2285 necessitate
848 2226 897 2281 scd
927 2232 1026 2298 sponte
1055 2232 1147 2282 servat

190 2315 223 2366 1o
240 2310 412 2366 voluntatem
434 2328 457 2374 ‚a
471 2313 533 2367 Deo
557 2317 709 2383 acceptam.
744 2311 816 2366 Aliis
835 2327 945 2382 quoque
966 2312 1054 2368 modis
1071 2316 1146 2366 recte

142 2465 145 2472 ,
240 2413 390 2466 possumus
424 2397 536 2454 Patrem
573 2398 695 2454 voluisse
733 2397 798 2452 Filii
836 2403 952 2452 mortem
982 2397 1146 2467 intelligere,

173 2487 221 2539 ’11
241 2484 366 2552 quamvis
392 2483 440 2538 isti
468 2483 574 2553 possint
601 2481 735 2538 sufficere.
778 2482 850 2539 Nam
877 2483 950 2537 sicut
978 2482 1051 2538 velle
1080 2481 1147 2538 dici·

241 2583 303 2619 mus
329 2583 393 2622 eum
416 2567 465 2638 qui
488 2567 572 2639 facit,
602 2573 633 2622 ut
660 2568 732 2623 alius
755 2567 838 2637 velit3
864 2569 904 2623 ita
927 2567 1011 2622 etiam
1030 2566 1147 2623 dicimus

241 2667 305 2704 eum
321 2653 393 2707 velle
417 2652 466 2724 qui
489 2669 546 2708 non
569 2653 652 2722 facit,
679 2661 711 2708 ut
735 2654 808 2709 alius
834 2652 914 2720 velit,
938 2652 988 2707 sed
1011 2653 1148 2723 approbat

242 2733 307 2805 quia
330 2735 404 2805 vult;
431 2741 462 2798 ut
486 2753 550 2792 cum
572 2738 697 2794 videmus
723 2739 844 2811 aliquem
865 2738 974 2794 fortiter
996 2738 1056 2808 pati
1077 2738 1147 2798 velle

241 2819 410 2899 molestiam,
435 2831 467 2877 ut
488 2823 614 2893 perficiat
632 2825 707 2895 quod
726 2824 798 2880 bene
815 2824 891 2892 vult;
918 2823 1044 2893 quamvis
1061 2823 1147 2880 fatear

242 2921 303 2961 mur
330 2923 381 2960 nos
406 2905 491 2977 velle,
516 2917 548 2963 ut
573 2909 651 2963 illam
671 2923 790 2980 poenam
807 2909 956 2976 ructuant,
980 2925 1037 2964 non
1055 2915 1148 2966 tamen

193 2989 224 3040 12
242 2988 370 3044 volumus
390 2997 439 3056 aut
457 3008 581 3047 amamus
599 3011 720 3069 poenam
734 2994 792 3048 eius
806 2993 856 3048 sed
868 2993 1045 3048 voluntatem.
1064 2993 1148 3048 Illum

243 3091 368 3145 quoque,
393 3075 442 3148 qui
462 3075 607 3148 probibere
625 3083 719 3148 potest
739 3085 767 3134 et
783 3097 839 3133 non
857 3077 1002 3151 prohibet,
1029 3079 1148 3134 solemus

193 3161 224 3211 13
244 3159 336 3216 dicere
363 3161 430 3231 quia
455 3161 531 3230 vult,
560 3164 635 3230 quod
661 3181 717 3218 non
742 3163 880 3235 prohibet.
920 3163 1058 3228 Quoniam
1083 3181 1148 3234 ergo

243 3243 322 3297 Patri
349 3244 477 3300 voluntas
501 3246 568 3299 Filii
594 3247 714 3316 placuit,
745 3266 796 3304 nec
822 3249 964 3320 prohibuit
990 3267 1053 3304 eum
1077 3247 1149 3303 velle

245 3334 294 3382 aut
315 3328 430 3398 implere
447 3330 523 3400 quod
542 3330 672 3402 volebat;
691 3339 766 3388 recte
785 3333 912 3405 voluisse,
929 3340 962 3390 ut
975 3333 1065 3390 Filius
1077 3350 1149 3388 mor·
